3194 5014
658 343 811 449 E-

222 537 284 596 130
370 534 457 596 quta
477 536 570 617 ripam
593 535 719 598 fluminis
741 535 912 618 denegantis
933 540 1070 619 poeulnrn

232 715 235 726 ,
325 647 451 710 sitivisse
473 648 598 728 legimus
621 649 713 708 Israel
735 649 913 725 insadulum3
1143 643 1146 650 Δ

326 759 378 818 sed
401 759 604 820 amaritudines
627 759 751 821 fluminis
772 781 826 841 per
847 762 982 822 baoulum

326 867 487 932 duloo'ravit
508 872 640 950 Moyses,
664 880 831 952 computant
849 872 881 952 (l.
895 873 1082 954 compotavit)
1100 876 1251 955 populum.

319 979 323 986 ’
370 985 452 1044 Haeo
473 991 540 1046 aunt
561 984 652 1044 verba
672 984 781 1058 literae,
805 984 856 1045 sed
877 987 950 1045 haee
971 985 1130 1066 expositio:
1232 1033 1241 1038 -

223 1099 283 1155 135
327 1115 425 1155 amara
446 1096 495 1155 vel
517 1115 620 1174 aspera
641 1095 693 1155 fuit
713 1095 788 1174 legis
809 1095 911 1170 leoti03

327 1207 380 1267 sed
400 1207 502 1280 minas,
526 1226 598 1285 quas
620 1205 714 1266 intulit
735 1206 786 1266 illa
807 1207 979 1287 superstitio,

327 1339 396 1380 suae
420 1317 548 1380 Christus
571 1317 682 1397 expulit
704 1317 796 1378 erucis
817 1318 967 1394 beneficio,
991 1313 995 1325 ”

327 1431 396 1492 dum
417 1431 552 1490 mortales
575 1429 676 1490 oculos
698 1430 867 1509 caligantes
879 1431 950 1492 vitio

327 1543 399 1602 lavit
420 1561 513 1622 agnus
534 1540 646 1621 proprii
667 1540 817 1620 sanguinis
841 1542 968 1608 collutio.

223 1657 285 1714 140
371 1653 459 1714 Panis
482 1671 568 1733 quam
591 1656 671 1732 (quo,
692 1654 812 1733 quemi)
835 1673 867 1713 se
889 1654 982 1716 voluit
1003 1654 1084 1716 Elias
1105 1655 1230 1730 reficere,

327 1767 382 1827 sub
405 1765 506 1826 favilla
526 1764 632 1844 legitur
654 1771 752 1824 ooetus
774 1784 792 1823 a
812 1765 942 1825 muliere.

329 1877 416 1955 Quod
438 1876 530 1937 aivis
552 1897 618 1938 oum
639 1877 769 1937 Jonatha
789 1877 847 1936 mel
869 1876 906 1937 de
928 1897 1035 1956 quercu
1056 1898 1171 1960 sugere,

327 1989 412 2070 panis
435 1987 471 2048 de
494 2007 552 2067 quo
574 1987 701 2067 loquitur
723 1987 854 2049 conditus
877 1989 1027 2050 subamara
1049 1989 1091 2072 (i)

253 2149 257 2157 .
327 2101 465 2181 spiritalis
486 2119 590 2160 sensus
613 2107 655 2160 est
677 2101 730 2160 sub
752 2100 854 2160 favilla
875 2101 985 2164 literae.

221 2216 282 2273 145
369 2214 430 2273 Isto
452 2231 528 2292 pane
548 2211 677 2291 pasoitur
698 2211 791 2272 fidelis
813 2211 955 2287 Eoolesia,

326 2326 403 2383 huno
424 2343 530 2404 panem
552 2295 706 2384 aonioiunt
728 2303 885 2384 sacerdotis
907 2324 994 2398 labia,

327 2435 396 2496 dum
417 2455 449 2495 sa
470 2417 728 2496 transsubstantiat
742 2442 857 2496 terrena
878 2437 1038 2497 substantia

327 2547 359 2608 in
380 2548 461 2609 illam
483 2567 569 2626 quam
589 2547 704 2627 peperit
724 2555 814 2607 mater
835 2548 892 2608 viri
913 2549 1025 2624 neseia3

327 2653 375 2714 hio
396 2663 439 2716 est
460 2659 542 2720 oibus
564 2659 685 2733 animae,
709 2658 802 2720 duleis
824 2660 1003 2735 eucharistia,
1068 2655 1073 2661 ’

224 2766 285 2824 150
328 2787 414 2846 quem
435 2769 466 2828 in
488 2771 581 2831 uuois
603 2771 718 2831 olibano
740 2791 810 2831 vara
831 2772 910 2831 coxit
930 2771 1034 2832 hostia

372 2879 488 2960 Joseph
508 2889 540 2942 ut
562 2901 593 2942 se
615 2882 717 2941 liberet
738 2883 775 2941 ab
797 2884 933 2961 amplexu
955 2880 1079 2944 feminae

330 2991 457 3052 evasisse
479 2993 585 3072 legitur
605 2993 705 3053 relicto
727 2993 880 3068 velamine,

330 3103 399 3182 quia
420 3105 503 3164 salva
523 3105 638 3184 ponitus
661 3111 690 3164 et
710 3105 813 3166 illaeso
836 3104 954 3166 numina

328 3234 416 3294 passa
437 3223 482 3276 ast
501 3217 663 3278 humanitas
685 3224 832 3298 assumpta
853 3217 889 3278 de
911 3217 1036 3298 virgine.

225 3325 286 3383 155
304 3377 305 3380 ,
373 3325 440 3387 Non
462 3328 539 3388 enim
560 3327 697 3390 divinitas
718 3329 1025 3409 incomprehensibilis,

331 3437 381 3517 qui
403 3457 468 3498 oum
489 3448 570 3518 patre
591 3439 667 3500 tilius
689 3445 785 3501 manet
805 3440 971 3516 invisibilis,

295 3643 345 3694 130
379 3644 412 3694 of.
431 3642 498 3694 oben
516 3643 657 3708 vm‚110.

294 3763 343 3813 139
378 3762 458 3816 Giebt
476 3780 504 3815 es
522 3765 564 3814 ein
582 3765 660 3816 Wort
677 3763 821 3818 aarum

181 3945 192 3953 ⁸
295 3883 345 3934 140
379 3882 412 3934 of.
431 3883 497 3935 oben
515 3885 587 3949 VIII,
599 3887 656 3936 119.

295 4003 343 4057 142
378 4001 399 4056 1.
409 4003 522 4083 Samuel.
530 4003 602 4070 XIV,
611 4006 654 4058 26.
