3194 5014
353 597 427 658 quos
450 599 509 640 uno
531 578 674 640 vocabulo
697 577 857 638 secundum
879 577 997 638 Italicos

353 690 542 752 Garamantes
565 689 687 750 dicimus
709 689 772 750 sive
795 688 1024 751 Garamanticus.

394 803 475 862 Inter
496 809 571 862 artes
593 802 681 880 igitur
703 821 777 880 quae
800 801 935 862 dicuntur
956 801 1081 876 trivium,

352 913 499 974 fundatrix
520 913 708 993 grammatica
729 912 865 974 vendicat
887 912 1070 993 principium,

268 1027 307 1086 25
351 1026 482 1086 subhac
505 1027 610 1086 chorus
631 1025 734 1086 militat
755 1024 871 1084 metrice
894 1024 1088 1099 scribentium,

352 1158 426 1217 quae
449 1157 480 1196 se
503 1137 594 1197 solam
617 1137 748 1196 aestimat
769 1143 858 1196 artem
881 1156 945 1196 esse
968 1136 1079 1196 artium.

397 1249 478 1309 Inter
500 1267 573 1328 quos
597 1255 663 1308 sunt
685 1255 808 1326 quatuor
829 1248 988 1327 rhythmice
1011 1247 1186 1325 dictantium,

351 1361 401 1441 qui
423 1381 511 1440 super
531 1362 588 1421 hoc
608 1358 733 1420 retinent
754 1359 811 1420 sibi
831 1359 1026 1439 privilegium,

349 1471 514 1552 Stephanus
536 1471 590 1532 flos
613 1471 722 1560 scilicet
743 1470 1006 1546 Aurelianensium,

265 1587 307 1644 30
349 1591 378 1644 ct
398 1585 502 1644 Petrus
524 1584 574 1663 qui
597 1583 701 1643 dicitur
723 1581 759 1642 dc
782 1589 875 1644 castro
892 1583 1092 1666 'Blesensium

392 1696 460 1756 Istis
482 1716 542 1755 non
564 1695 705 1754 immerito
728 1692 885 1754 Bertredus
908 1692 1058 1769 addicitur,

349 1807 401 1868 sed
423 1826 478 1868 nec
499 1806 573 1868 inter
595 1806 668 1866 alios
691 1812 755 1886 apte
777 1805 1009 1896 praetermittitur

347 1920 407 1995 illc,
431 1939 516 1998 quem
538 1917 675 1978 Castellio
696 1918 784 1976 latere
806 1937 867 1976 non
888 1906 1002 1998 patitur,

348 2032 378 2091 in
401 2031 483 2090 cuius
506 2029 646 2111 opusculo
669 2029 839 2120 Alexander
859 2030 974 2109 legitur.

262 2146 303 2204 35
390 2143 461 2202 Post
482 2142 562 2202 illam
584 2161 659 2220 quae
680 2141 761 2220 prior
783 2148 826 2200 est
848 2141 968 2200 caeteris
990 2141 1020 2200 in
1042 2141 1128 2202 trivio

347 2253 523 2341 subinfertur
544 2252 641 2332 logica
662 2251 767 2332 grandi
790 2253 954 2332 supercilio,

347 2365 474 2427 discolor
495 2363 644 2424 sententiis
667 2370 696 2423 et
716 2363 845 2427 accincta
866 2362 976 2443 gladic,

345 2498 398 2559 per
420 2497 506 2556 quam
528 2475 633 2537 falsum
654 2484 766 2536 resecat
786 2476 949 2556 logicorum
970 2474 1054 2536 ratio.

388 2590 474 2648 Hanc
496 2587 647 2648 doctorum
668 2587 772 2648 asserit
793 2587 945 2667 multiplex
968 2588 1081 2668 opinio;

260 2704 302 2762 40
345 2701 398 2760 sed
420 2703 538 2762 cunctos
560 2699 724 2779 praeradiat
749 2720 827 2760 nova
849 2700 1023 2775 constitutio,

344 2813 375 2874 in
398 2831 456 2890 qua
476 2810 563 2870 rebus
587 2810 709 2890 derogat
729 2811 867 2872 Baelardi
890 2812 1010 2887 sanctio,

343 2924 479 2986 attributo
501 2920 624 2982 vocibus
645 2941 741 2981 rerum
762 2922 929 3001 privilegio.

386 3033 483 3094 Tertia
504 3032 688 3112 subsequitur
710 3033 821 3112 species
843 3034 1012 3109 rhetoricae,

258 3155 262 3167 “
343 3147 461 3208 domum
481 3145 638 3226 sapientiae
659 3145 774 3227 poliens
795 3145 927 3222 mirifice;

257 3261 298 3322 45
342 3257 532 3340 apprehendit
554 3256 696 3336 siquidem
715 3259 879 3338 juncturam
900 3259 1111 3338 grammaticae,

343 3391 429 3450 quam
450 3377 603 3450 postquam
624 3370 791 3448 purgaverit
813 3370 866 3430 sub
889 3390 1011 3431 censura
1031 3373 1154 3452 logicae,

342 3473 474 3556 depingit
494 3479 641 3541 coloribus
665 3486 693 3539 et
713 3479 867 3540 verborum
882 3481 1007 3580 murice.

319 3733 353 3784 26
386 3734 438 3784 Die
464 3735 569 3788 Pariser
594 3736 767 3787 Handschrift
798 3737 845 3788 hat
871 3737 961 3790 diesen
987 3739 1053 3788 Vers
1079 3737 1160 3789 nicht.
1209 3738 1264 3789 Dae

387 3828 502 3880 sinnlose
519 3829 631 3881 scholam
648 3830 690 3882 bei
708 3831 816 3896 Wright
832 3830 940 3882 tuderto
958 3831 1088 3884 DuMdril
1104 3832 1122 3882 l.
1140 3832 1157 3882 l.
1171 3848 1197 3899 p.
1214 3832 1263 3884 151

388 3921 487 3988 richtig
503 3925 532 3974 in
548 3922 636 3975 colons.

290 4083 303 4092 ..
319 4041 423 4094 aan-
442 4041 475 4094 ci.
492 4041 622 4096 DuMdm'l
639 4061 665 4112 p.
677 4044 733 4096 151.
752 4049 807 4096 not
817 4045 841 4094 3.
851 4045 876 4096 4.
