<?xml version="1.0" encoding="UTF-8"?>
<!DOCTYPE html PUBLIC "-//W3C//DTD XHTML 1.0 Transitional//EN"
    "http://www.w3.org/TR/xhtml1/DTD/xhtml1-transitional.dtd">
<html xmlns="http://www.w3.org/1999/xhtml" xml:lang="en" lang="en">
 <head>
  <title>
</title>
<meta http-equiv="Content-Type" content="text/html;charset=utf-8" />
  <meta name='ocr-system' content='tesseract 3.04.00' />
  <meta name='ocr-capabilities' content='ocr_page ocr_carea ocr_par ocr_line ocrx_word'/>
</head>
<body>
  <div class='ocr_page' id='page_1' title='image "./diezehngedichte00waltgoog_0067.png"; bbox 0 0 3194 5014; ppageno 0'>
   <div class='ocr_carea' id='block_1_1' title="bbox 825 396 869 462">
    <p class='ocr_par' dir='ltr' id='par_1_1' title="bbox 825 396 869 462">
     <span class='ocr_line' id='line_1_1' title="bbox 825 396 869 462; baseline 0 0"><span class='ocrx_word' id='word_1_1' title='bbox 825 396 869 462; x_wconf 83' lang='grc'>60</span> 
     </span>
    </p>
   </div>
   <div class='ocr_carea' id='block_1_2' title="bbox 771 489 922 504">
    <p class='ocr_par' dir='ltr' id='par_1_2' title="bbox 771 489 922 504">
     <span class='ocr_line' id='line_1_2' title="bbox 771 489 922 504; baseline -0.026 1"><span class='ocrx_word' id='word_1_2' title='bbox 771 489 922 504; x_wconf 51' lang='grc' dir='ltr'>μ’*</span> 
     </span>
    </p>
   </div>
   <div class='ocr_carea' id='block_1_3' title="bbox 485 605 1048 1245">
    <p class='ocr_par' dir='ltr' id='par_1_3' title="bbox 485 605 1048 1245">
     <span class='ocr_line' id='line_1_3' title="bbox 485 605 953 670; baseline -0.011 1"><span class='ocrx_word' id='word_1_3' title='bbox 485 625 487 630; x_wconf 89' lang='grc'><strong><em>·</em></strong></span> <span class='ocrx_word' id='word_1_4' title='bbox 589 609 627 670; x_wconf 80' lang='lat' dir='ltr'>Et</span> <span class='ocrx_word' id='word_1_5' title='bbox 648 607 807 670; x_wconf 86' lang='lat' dir='ltr'>secundum</span> <span class='ocrx_word' id='word_1_6' title='bbox 828 605 953 666; x_wconf 74' lang='lat' dir='ltr'>cantetis</span> 
     </span>
     <span class='ocr_line' id='line_1_4' title="bbox 505 718 975 798; baseline -0.009 -18"><span class='ocrx_word' id='word_1_7' title='bbox 505 724 545 783; x_wconf 79' lang='grc'>20</span> <span class='ocrx_word' id='word_1_8' title='bbox 589 728 617 781; x_wconf 88' lang='lat' dir='ltr'>et</span> <span class='ocrx_word' id='word_1_9' title='bbox 638 721 793 782; x_wconf 81' lang='lat' dir='ltr'>immensae</span> <span class='ocrx_word' id='word_1_10' title='bbox 815 718 930 798; x_wconf 77' lang='lat' dir='ltr'>pietatis</span> <span class='ocrx_word' id='word_1_11' title='bbox 972 780 975 790; x_wconf 37' lang='lat'><strong><em>¹</em></strong></span> 
     </span>
     <span class='ocr_line' id='line_1_5' title="bbox 631 829 930 892; baseline -0.01 -1"><span class='ocrx_word' id='word_1_12' title='bbox 631 840 696 892; x_wconf 79' lang='lat' dir='ltr'>tuae</span> <span class='ocrx_word' id='word_1_13' title='bbox 718 829 930 891; x_wconf 84' lang='lat' dir='ltr'><strong>multitudinem</strong></span> 
     </span>
     <span class='ocr_line' id='line_1_6' title="bbox 588 949 1002 1023; baseline -0.007 -20"><span class='ocrx_word' id='word_1_14' title='bbox 588 963 696 1023; x_wconf 81' lang='lat' dir='ltr'>pravos</span> <span class='ocrx_word' id='word_1_15' title='bbox 718 949 798 1002; x_wconf 82' lang='lat' dir='ltr'>actus</span> <span class='ocrx_word' id='word_1_16' title='bbox 820 949 848 1001; x_wconf 88' lang='lat' dir='ltr'>et</span> <span class='ocrx_word' id='word_1_17' title='bbox 869 961 1002 1002; x_wconf 81' lang='lat' dir='ltr'>enormes</span> 
     </span>
     <span class='ocr_line' id='line_1_7' title="bbox 588 1053 1048 1128; baseline -0.004 -14"><span class='ocrx_word' id='word_1_18' title='bbox 588 1055 619 1116; x_wconf 89' lang='lat' dir='ltr'>in</span> <span class='ocrx_word' id='word_1_19' title='bbox 640 1074 686 1115; x_wconf 88' lang='lat' dir='ltr'>me</span> <span class='ocrx_word' id='word_1_20' title='bbox 709 1055 819 1128; x_wconf 88' lang='lat' dir='ltr'>delens,</span> <span class='ocrx_word' id='word_1_21' title='bbox 842 1073 888 1113; x_wconf 87' lang='lat' dir='ltr'>mc</span> <span class='ocrx_word' id='word_1_22' title='bbox 909 1053 1048 1113; x_wconf 79' lang='lat' dir='ltr'>reformes</span> 
     </span>
     <span class='ocr_line' id='line_1_8' title="bbox 630 1165 955 1245; baseline -0.006 -19"><span class='ocrx_word' id='word_1_23' title='bbox 630 1175 709 1226; x_wconf 80' lang='lat' dir='ltr'>tuem</span> <span class='ocrx_word' id='word_1_24' title='bbox 731 1165 769 1224; x_wconf 82' lang='lat' dir='ltr'>ed</span> <span class='ocrx_word' id='word_1_25' title='bbox 790 1165 955 1245; x_wconf 78' lang='lat' dir='ltr'>imaginem.</span> 
     </span>
    </p>
   </div>
   <div class='ocr_carea' id='block_1_4' title="bbox 482 1280 1092 3264">
    <p class='ocr_par' dir='ltr' id='par_1_4' title="bbox 482 1280 1092 3264">
     <span class='ocr_line' id='line_1_9' title="bbox 504 1280 995 1368; baseline -0.002 -21"><span class='ocrx_word' id='word_1_26' title='bbox 504 1291 544 1347; x_wconf 72' lang='lat'>25</span> <span class='ocrx_word' id='word_1_27' title='bbox 588 1280 880 1368; x_wconf 64' lang='lat' dir='ltr'>Ampliori‘mentem</span> <span class='ocrx_word' id='word_1_28' title='bbox 901 1305 995 1346; x_wconf 82' lang='lat' dir='ltr'>mecm</span> 
     </span>
     <span class='ocr_line' id='line_1_10' title="bbox 588 1398 953 1470; baseline -0.005 -12"><span class='ocrx_word' id='word_1_29' title='bbox 588 1419 606 1458; x_wconf 89' lang='lat' dir='ltr'>s</span> <span class='ocrx_word' id='word_1_30' title='bbox 627 1398 733 1459; x_wconf 88' lang='lat' dir='ltr'>delicto</span> <span class='ocrx_word' id='word_1_31' title='bbox 754 1398 866 1470; x_wconf 77' lang='lat' dir='ltr'>levans,</span> <span class='ocrx_word' id='word_1_32' title='bbox 889 1415 953 1456; x_wconf 79' lang='lat' dir='ltr'>earn</span> 
     </span>
     <span class='ocr_line' id='line_1_11' title="bbox 631 1507 973 1590; baseline -0.006 -20"><span class='ocrx_word' id='word_1_33' title='bbox 631 1518 660 1570; x_wconf 81' lang='lat' dir='ltr'>et</span> <span class='ocrx_word' id='word_1_34' title='bbox 680 1509 857 1590; x_wconf 86' lang='lat' dir='ltr'>perfundens</span> <span class='ocrx_word' id='word_1_35' title='bbox 879 1507 973 1588; x_wconf 78' lang='lat' dir='ltr'>grstia</span> 
     </span>
     <span class='ocr_line' id='line_1_12' title="bbox 589 1619 986 1700; baseline -0.005 -18"><span class='ocrx_word' id='word_1_36' title='bbox 589 1623 631 1684; x_wconf 91' lang='lat' dir='ltr'>sic</span> <span class='ocrx_word' id='word_1_37' title='bbox 653 1621 800 1696; x_wconf 80' lang='lat' dir='ltr'>emundes,</span> <span class='ocrx_word' id='word_1_38' title='bbox 824 1628 855 1681; x_wconf 88' lang='lat' dir='ltr'>ut</span> <span class='ocrx_word' id='word_1_39' title='bbox 875 1619 986 1700; x_wconf 88' lang='lat' dir='ltr'>pecesti</span> 
     </span>
     <span class='ocr_line' id='line_1_13' title="bbox 588 1731 1032 1815; baseline -0.002 -20"><span class='ocrx_word' id='word_1_40' title='bbox 588 1753 641 1815; x_wconf 88' lang='lat' dir='ltr'>per</span> <span class='ocrx_word' id='word_1_41' title='bbox 662 1741 856 1814; x_wconf 85' lang='lat' dir='ltr'>contemptum</span> <span class='ocrx_word' id='word_1_42' title='bbox 878 1731 1032 1814; x_wconf 66' lang='lat' dir='ltr'>perpeusti</span> 
     </span>
     <span class='ocr_line' id='line_1_14' title="bbox 504 1844 945 1924; baseline -0.007 -17"><span class='ocrx_word' id='word_1_43' title='bbox 504 1849 545 1908; x_wconf 88' lang='grc'>30</span> <span class='ocrx_word' id='word_1_44' title='bbox 631 1846 713 1906; x_wconf 85' lang='lat' dir='ltr'>nulls</span> <span class='ocrx_word' id='word_1_45' title='bbox 733 1846 791 1906; x_wconf 86' lang='lat' dir='ltr'>sint</span> <span class='ocrx_word' id='word_1_46' title='bbox 811 1844 945 1924; x_wconf 80' lang='lat' dir='ltr'>vestigia.</span> 
     </span>
     <span class='ocr_line' id='line_1_15' title="bbox 590 1965 933 2044; baseline -0.009 -18"><span class='ocrx_word' id='word_1_47' title='bbox 590 1966 734 2043; x_wconf 79' lang='lat' dir='ltr'>Quoniam</span> <span class='ocrx_word' id='word_1_48' title='bbox 756 1965 933 2044; x_wconf 75' lang='lat' dir='ltr'>iniquitatem</span> 
     </span>
     <span class='ocr_line' id='line_1_16' title="bbox 588 2083 977 2158; baseline -0.01 -20"><span class='ocrx_word' id='word_1_49' title='bbox 588 2086 616 2139; x_wconf 86' lang='lat' dir='ltr'>ct</span> <span class='ocrx_word' id='word_1_50' title='bbox 637 2084 787 2158; x_wconf 72' lang='lat' dir='ltr'>corruptae</span> <span class='ocrx_word' id='word_1_51' title='bbox 808 2083 977 2138; x_wconf 76' lang='lat' dir='ltr'>vetustatem</span> 
     </span>
     <span class='ocr_line' id='line_1_17' title="bbox 631 2183 977 2262; baseline -0.012 -12"><span class='ocrx_word' id='word_1_52' title='bbox 631 2191 734 2252; x_wconf 83' lang='lat' dir='ltr'>mentis</span> <span class='ocrx_word' id='word_1_53' title='bbox 755 2183 855 2250; x_wconf 70' lang='lat' dir='ltr'>in&#39;mc</span> <span class='ocrx_word' id='word_1_54' title='bbox 877 2187 977 2262; x_wconf 78' lang='lat' dir='ltr'>fateor,</span> 
     </span>
     <span class='ocr_line' id='line_1_18' title="bbox 588 2299 1092 2382; baseline -0.004 -20"><span class='ocrx_word' id='word_1_55' title='bbox 588 2322 710 2382; x_wconf 86' lang='lat' dir='ltr'>cumque</span> <span class='ocrx_word' id='word_1_56' title='bbox 732 2308 840 2362; x_wconf 76' lang='lat' dir='ltr'>vertum</span> <span class='ocrx_word' id='word_1_57' title='bbox 862 2307 967 2362; x_wconf 84' lang='lat' dir='ltr'>ststum</span> <span class='ocrx_word' id='word_1_58' title='bbox 988 2299 1092 2360; x_wconf 87' lang='lat' dir='ltr'>mentis</span> 
     </span>
     <span class='ocr_line' id='line_1_19' title="bbox 503 2410 1042 2486; baseline -0.009 -12"><span class='ocrx_word' id='word_1_59' title='bbox 503 2416 544 2474; x_wconf 80' lang='lat'>35</span> <span class='ocrx_word' id='word_1_60' title='bbox 588 2419 843 2486; x_wconf 82' lang='lat' dir='ltr'>contrementem,</span> <span class='ocrx_word' id='word_1_61' title='bbox 866 2410 1042 2472; x_wconf 88' lang='lat' dir='ltr'>imminentis</span> 
     </span>
     <span class='ocr_line' id='line_1_20' title="bbox 631 2522 957 2586; baseline -0.015 0"><span class='ocrx_word' id='word_1_62' title='bbox 631 2525 724 2586; x_wconf 82' lang='lat' dir='ltr'>hostis</span> <span class='ocrx_word' id='word_1_63' title='bbox 744 2523 805 2584; x_wconf 88' lang='lat' dir='ltr'>vim</span> <span class='ocrx_word' id='word_1_64' title='bbox 826 2522 957 2584; x_wconf 75' lang='lat' dir='ltr'>intueon</span> 
     </span>
     <span class='ocr_line' id='line_1_21' title="bbox 588 2643 993 2725; baseline -0.007 -20"><span class='ocrx_word' id='word_1_65' title='bbox 588 2647 700 2706; x_wconf 80' lang='lat' dir='ltr'>Auctor</span> <span class='ocrx_word' id='word_1_66' title='bbox 720 2647 801 2725; x_wconf 81' lang='lat' dir='ltr'>pscis</span> <span class='ocrx_word' id='word_1_67' title='bbox 823 2651 851 2704; x_wconf 86' lang='lat' dir='ltr'>et</span> <span class='ocrx_word' id='word_1_68' title='bbox 871 2643 993 2717; x_wconf 80' lang='lat' dir='ltr'>virtutis,</span> 
     </span>
     <span class='ocr_line' id='line_1_22' title="bbox 482 2754 996 2837; baseline -0.01 -18"><span class='ocrx_word' id='word_1_69' title='bbox 482 2775 484 2780; x_wconf 86' lang='grc'><em>·</em></span> <span class='ocrx_word' id='word_1_70' title='bbox 589 2757 638 2837; x_wconf 92' lang='lat' dir='ltr'>qui</span> <span class='ocrx_word' id='word_1_71' title='bbox 660 2777 706 2816; x_wconf 91' lang='lat' dir='ltr'>me</span> <span class='ocrx_word' id='word_1_72' title='bbox 727 2756 829 2836; x_wconf 85' lang='lat' dir='ltr'>iugum</span> <span class='ocrx_word' id='word_1_73' title='bbox 851 2754 996 2815; x_wconf 69' lang='lat' dir='ltr'>servitutis</span> 
     </span>
     <span class='ocr_line' id='line_1_23' title="bbox 631 2866 936 2948; baseline -0.003 -19"><span class='ocrx_word' id='word_1_74' title='bbox 631 2868 717 2929; x_wconf 90' lang='lat' dir='ltr'>huius</span> <span class='ocrx_word' id='word_1_75' title='bbox 738 2868 800 2948; x_wconf 83' lang='lat' dir='ltr'>peti</span> <span class='ocrx_word' id='word_1_76' title='bbox 820 2866 936 2948; x_wconf 80' lang='lat' dir='ltr'>peteris,</span> 
     </span>
     <span class='ocr_line' id='line_1_24' title="bbox 503 2977 978 3060; baseline -0.004 -20"><span class='ocrx_word' id='word_1_77' title='bbox 503 2982 546 3041; x_wconf 84' lang='lat'>40</span> <span class='ocrx_word' id='word_1_78' title='bbox 588 2979 666 3042; x_wconf 75' lang='lat' dir='ltr'>adsis</span> <span class='ocrx_word' id='word_1_79' title='bbox 687 2979 759 3040; x_wconf 85' lang='lat' dir='ltr'>mihi</span> <span class='ocrx_word' id='word_1_80' title='bbox 779 2999 847 3060; x_wconf 83' lang='lat' dir='ltr'>spes</span> <span class='ocrx_word' id='word_1_81' title='bbox 869 2977 978 3052; x_wconf 79' lang='lat' dir='ltr'>salutis,</span> 
     </span>
     <span class='ocr_line' id='line_1_25' title="bbox 588 3090 919 3152; baseline 0 0"><span class='ocrx_word' id='word_1_82' title='bbox 588 3100 616 3152; x_wconf 89' lang='lat' dir='ltr'>et</span> <span class='ocrx_word' id='word_1_83' title='bbox 637 3092 742 3152; x_wconf 72' lang='lat' dir='ltr'>delicte</span> <span class='ocrx_word' id='word_1_84' title='bbox 763 3090 919 3152; x_wconf 85' lang='lat' dir='ltr'>iuventutis</span> 
     </span>
     <span class='ocr_line' id='line_1_26' title="bbox 631 3201 965 3264; baseline -0.012 0"><span class='ocrx_word' id='word_1_85' title='bbox 631 3223 712 3264; x_wconf 83' lang='lat' dir='ltr'>mese</span> <span class='ocrx_word' id='word_1_86' title='bbox 734 3223 771 3264; x_wconf 87' lang='lat' dir='ltr'>ue</span> <span class='ocrx_word' id='word_1_87' title='bbox 792 3201 965 3262; x_wconf 81' lang='lat' dir='ltr'>memineris.</span> 
     </span>
    </p>
   </div>
   <div class='ocr_carea' id='block_1_5' title="bbox 420 3321 1048 3737">
    <p class='ocr_par' dir='ltr' id='par_1_5' title="bbox 420 3321 1048 3630">
     <span class='ocr_line' id='line_1_27' title="bbox 587 3321 1004 3386; baseline -0.012 0"><span class='ocrx_word' id='word_1_88' title='bbox 587 3323 687 3386; x_wconf 78' lang='lat' dir='ltr'>Vitem</span> <span class='ocrx_word' id='word_1_89' title='bbox 708 3323 802 3384; x_wconf 86' lang='lat' dir='ltr'>sufert</span> <span class='ocrx_word' id='word_1_90' title='bbox 822 3329 851 3382; x_wconf 88' lang='lat' dir='ltr'>et</span> <span class='ocrx_word' id='word_1_91' title='bbox 870 3321 1004 3382; x_wconf 85' lang='lat' dir='ltr'>virtutem</span> 
     </span>
     <span class='ocr_line' id='line_1_28' title="bbox 587 3432 1048 3515; baseline -0.007 -20"><span class='ocrx_word' id='word_1_92' title='bbox 587 3436 678 3498; x_wconf 71' lang='lat' dir='ltr'>fallax</span> <span class='ocrx_word' id='word_1_93' title='bbox 700 3455 772 3514; x_wconf 79' lang='lat' dir='ltr'>eque</span> <span class='ocrx_word' id='word_1_94' title='bbox 795 3434 835 3515; x_wconf 71' lang='lat' dir='ltr'>(i)</span> <span class='ocrx_word' id='word_1_95' title='bbox 858 3432 1048 3508; x_wconf 77' lang='lat' dir='ltr'>adsalutem,</span> 
     </span>
     <span class='ocr_line' id='line_1_29' title="bbox 420 3545 967 3630; baseline -0.009 -22"><span class='ocrx_word' id='word_1_96' title='bbox 420 3549 422 3554; x_wconf 80' lang='lat'>&#39;</span> <span class='ocrx_word' id='word_1_97' title='bbox 503 3549 544 3608; x_wconf 84' lang='lat'>45</span> <span class='ocrx_word' id='word_1_98' title='bbox 630 3568 740 3630; x_wconf 83' lang='lat' dir='ltr'>pronus</span> <span class='ocrx_word' id='word_1_99' title='bbox 762 3547 801 3606; x_wconf 80' lang='lat' dir='ltr'>sd</span> <span class='ocrx_word' id='word_1_100' title='bbox 821 3545 967 3619; x_wconf 70' lang='lat' dir='ltr'>illicitum</span> 
     </span>
    </p>

    <p class='ocr_par' dir='ltr' id='par_1_6' title="bbox 588 3655 953 3737">
     <span class='ocr_line' id='line_1_30' title="bbox 588 3655 953 3737; baseline -0.011 -17"><span class='ocrx_word' id='word_1_101' title='bbox 588 3680 642 3720; x_wconf 88' lang='lat' dir='ltr'>nec</span> <span class='ocrx_word' id='word_1_102' title='bbox 664 3679 682 3720; x_wconf 79' lang='lat' dir='ltr'><strong>a</strong></span> <span class='ocrx_word' id='word_1_103' title='bbox 703 3659 780 3718; x_wconf 82' lang='lat' dir='ltr'>malo</span> <span class='ocrx_word' id='word_1_104' title='bbox 802 3655 953 3737; x_wconf 80' lang='lat' dir='ltr'>resipiscit,</span> 
     </span>
    </p>
   </div>
   <div class='ocr_carea' id='block_1_6' title="bbox 588 3766 1053 3850">
    <p class='ocr_par' dir='ltr' id='par_1_7' title="bbox 588 3766 1053 3850">
     <span class='ocr_line' id='line_1_31' title="bbox 588 3766 1053 3850; baseline -0.015 -18"><span class='ocrx_word' id='word_1_105' title='bbox 588 3771 657 3832; x_wconf 88' lang='lat' dir='ltr'>dum</span> <span class='ocrx_word' id='word_1_106' title='bbox 679 3769 759 3850; x_wconf 87' lang='lat' dir='ltr'>quod</span> <span class='ocrx_word' id='word_1_107' title='bbox 780 3775 855 3828; x_wconf 81' lang='lat' dir='ltr'>amat</span> <span class='ocrx_word' id='word_1_108' title='bbox 876 3766 1053 3846; x_wconf 83' lang='lat' dir='ltr'>concupiscit</span> 
     </span>
    </p>
   </div>
   <div class='ocr_carea' id='block_1_7' title="bbox 631 3879 983 3960">
    <p class='ocr_par' dir='ltr' id='par_1_8' title="bbox 631 3879 983 3960">
     <span class='ocr_line' id='line_1_32' title="bbox 631 3879 983 3960; baseline -0.014 -16"><span class='ocrx_word' id='word_1_109' title='bbox 631 3902 698 3944; x_wconf 82' lang='lat' dir='ltr'>cero</span> <span class='ocrx_word' id='word_1_110' title='bbox 721 3888 822 3944; x_wconf 79' lang='lat' dir='ltr'>contre</span> <span class='ocrx_word' id='word_1_111' title='bbox 843 3879 983 3960; x_wconf 89' lang='lat' dir='ltr'>spiritum.</span> 
     </span>
    </p>
   </div>
   <div class='ocr_carea' id='block_1_8' title="bbox 0 0 1602 5014">
    <p class='ocr_par' dir='ltr' id='par_1_9' title="bbox 0 0 1602 5014">
     <span class='ocr_line' id='line_1_33' title="bbox 0 0 1602 5014; baseline 0 0"><span class='ocrx_word' id='word_1_112' title='bbox 0 0 1602 5014; x_wconf 95' lang='lat' dir='ltr'> </span> 
     </span>
    </p>
   </div>
  </div>
 </body>
</html>
