3194 5014
799 437 945 542 22„

612 645 769 706 Avertemr
789 667 808 705 ι
828 647 950 720 delictis,

529 758 572 816 80
614 765 673 817 tam
694 778 711 816 n
733 758 816 818 saetis
839 779 925 837 quem
947 779 965 818 e
986 758 1070 820 dictis

656 869 728 928 meis
749 879 800 929 tus
821 870 925 944 facies3

615 980 656 1039 sie
678 987 774 1040 reatus
796 981 948 1055 auferatur,

613 1099 645 1150 ut
667 1093 785 1152 omnino
807 1092 937 1152 deleatur

655 1203 806 1263 criminum
827 1205 980 1283 pernicies.

612 1322 671 1381 Gor
692 1331 720 1382 et
739 1332 865 1384 mentem
886 1345 980 1384 meam
1000 1326 1117 1401 munde,

612 1453 649 1492 ne
671 1434 709 1493 sit
729 1435 822 1514 turpis
844 1444 872 1494 et
894 1436 1043 1497 immunde

655 1545 721 1605 labe
743 1548 951 1620 eonscientia03

613 1656 659 1716 fae
680 1665 712 1716 ut
733 1677 846 1737 semper
868 1659 1030 1733 innovetur,

612 1767 749 1829 innovata
770 1769 940 1831 fecundetur

654 1901 720 1940 rore
741 1888 808 1941 tuae
830 1883 948 1960 gratiae.

611 2001 655 2059 Ne
677 2000 813 2079 proiieiss
834 2009 1019 2079 prestantem,

612 2111 736 2171 otiosum
758 2112 809 2172 diu
830 2120 964 2187 stentem

655 2223 708 2282 sed
730 2223 768 2282 ad
789 2224 866 2284 vitae
886 2245 1039 2304 vesperem

612 2333 680 2393 vitis
701 2354 788 2394 verse
810 2335 855 2394 fec
878 2338 1025 2410 cultorem,

612 2452 644 2504 nt
665 2445 720 2504 sim
741 2446 815 2525 vigil
836 2446 874 2506 ad
895 2448 1033 2522 laborem,

654 2557 735 2636 operi
757 2556 831 2618 dans
853 2579 979 2638 operam.

609 2675 711 2736 Redde
731 2678 806 2736 mihi
824 2678 882 2737 inm
903 2679 1034 2754 salutem,

611 2795 643 2847 ut
664 2807 716 2866 per
735 2796 814 2849 tuem
836 2790 873 2850 sit
893 2790 1026 2850 virtutem

653 2900 723 2960 mihi
746 2902 849 2981 eulpae
869 2903 1023 2978 terminus3

610 3017 638 3071 et
659 3013 810 3074 confirmes
832 3014 874 3074 sie
895 3015 926 3074 in
949 3034 992 3088 es,

610 3131 642 3183 ut
664 3125 700 3183 sit
721 3123 858 3185 fortitudo
880 3146 946 3186 mes

653 3241 681 3293 et
701 3235 764 3295 leus
787 3256 853 3295 mee
871 3237 1026 3298 Dominus.

545 3351 554 3360 “
609 3355 729 3414 Doeens
752 3376 823 3436 ergo
845 3364 923 3418 tunm
944 3357 1031 3433 viem,

610 3475 641 3526 ut
662 3473 691 3528 te
712 3457 810 3528 solmn
829 3471 925 3530 Deum
947 3469 1036 3530 seiam

653 3579 683 3638 in
705 3588 852 3641 aeternum
872 3581 982 3654 vivere,

608 3691 699 3750 verbe
718 3699 768 3752 tun
790 3692 955 3768 confitebor,

609 3808 638 3862 et
659 3801 689 3860 in
712 3802 783 3882 ipsis
804 3805 964 3865 exereebor

652 3913 748 3990 corde,
771 3935 852 3992 voce,
877 3934 974 3995 opere.
