3194 5014
852 414 873 478 8

451 625 520 665 nem
542 605 658 666 abillis
681 605 815 666 omnibus
837 639 879 651 —-
902 605 973 686 quid
994 605 1066 666 irem
1086 625 1141 688 per
1161 606 1332 688 singule—

365 717 407 774 20
450 715 571 777 defluxit
592 718 624 776 in
646 717 777 778 subditos
799 717 936 778 vitiorum
957 718 1079 778 macula.

492 829 568 887 Ecce
591 829 693 910 sponsi
715 829 833 889 comites
855 829 986 888 vendunt
1006 848 1131 908 sponsae
1153 829 1250 904 doun

448 937 579 998 furantur
599 940 630 999 in
653 940 759 1000 cacabo
782 959 898 999 carnem
920 939 1098 1014 sacerdotes3

448 1049 474 1108 si
496 1045 608 1129 spectes
629 1051 805 1125 medullitus,
829 1051 854 1110 si
874 1070 937 1110 rem
958 1051 1032 1110 bene
1054 1058 1147 1126 notes,

448 1161 593 1221 Christum
615 1163 746 1222 vendunt
766 1161 854 1222 hodie
876 1161 947 1222 novi
969 1161 1121 1222 Scuriotes.

291 1345 293 1350 Ι
363 1273 403 1330 25
490 1273 559 1333 Jem
580 1293 700 1352 prorsus
722 1273 833 1333 aboluit
854 1292 924 1332 usus
946 1272 1091 1351 largiendi

447 1383 638 1462 praebendus,
662 1385 764 1442 altaria
786 1403 859 1461 quae
881 1404 942 1444 non
964 1383 1071 1442 debent
1090 1383 1192 1458 vendi;

447 1514 533 1554 verse
554 1495 649 1554 estin
671 1495 801 1554 habitum
822 1493 928 1574 cupido
950 1493 1082 1568 tenendi;

447 1614 577 1685 tempore
598 1607 688 1666 crevit
709 1626 790 1665 amor
812 1606 863 1684 qui
884 1625 962 1666 nunc
983 1613 1027 1666 est
1047 1625 1175 1668 summus
1197 1607 1333 1672 habendi.
1422 1673 1424 1676 ¹

491 1717 592 1778 Studet
613 1717 731 1799 praesul
750 1718 859 1797 pretiis,
883 1726 912 1777 et
933 1717 1102 1778 archilevita

361 1828 404 1886 30
446 1828 519 1890 vivit
540 1829 695 1903 solitenius,
720 1836 824 1888 coenat
846 1829 976 1902 eremite,

446 1948 626 2000 morerentur
647 1940 757 2000 utinam
777 1939 809 1999 hi
830 1939 881 2018 qui
902 1940 1005 2000 vivunt
1026 1939 1079 2000 ite!

447 2051 561 2112 Felices
584 2051 693 2112 obeunt
714 2071 837 2130 quorum
859 2051 922 2111 sine
944 2051 1063 2111 crimine
1084 2051 1152 2112 vitu.

493 2163 546 2224 Vis
568 2163 696 2224 decanus
710 2163 788 2238 lieri,
811 2162 937 2242 praesul,
960 2162 1143 2242 pauicrchu?

448 2273 523 2332 Auri
544 2275 634 2334 multu
654 2274 709 2333 tibi
730 2275 837 2336 situel
858 2273 971 2353 argenti
992 2293 1103 2348 murcu3

363 2384 405 2441 35
448 2391 558 2444 tantum
579 2385 666 2444 habet
687 2384 762 2460 fidei,
785 2391 857 2444 teste
879 2399 965 2444 manu
986 2404 1082 2463 parce,

449 2503 587 2575 quantum
609 2497 731 2576 quisque
754 2516 807 2556 sua
828 2516 1010 2556 nummorum
1032 2503 1128 2556 servat
1149 2496 1180 2556 in
1202 2517 1277 2558 arcu

492 2607 528 2666 In
551 2628 608 2687 quc
631 2607 732 2668 mundi
754 2608 876 2682 climate,
900 2608 954 2667 sub
977 2627 1034 2686 quo
1058 2607 1132 2669 coeli
1153 2608 1239 2688 signo

449 2726 492 2778 est
513 2720 603 2780 ebbae
625 2728 675 2780 aut
695 2719 837 2799 pontifex,
860 2726 975 2799 pectore
997 2718 1126 2798 benigno

448 2829 555 2910 dignus
578 2831 684 2891 obsisti
706 2831 824 2911 nuptiis,
847 2828 954 2909 dignus
976 2831 1053 2891 vitae
1073 2830 1179 2910 ligno?

362 2941 406 3000 40
448 2943 527 3026 llere
548 2943 611 3003 avis
633 2943 769 3003 interris
791 2943 934 3022 nigroque
956 2942 1102 3002 simillima
1123 2961 1230 3020 cygno.

490 3053 531 3114 Ut
552 3054 675 3114 Judeeis
697 3053 766 3114 odio
789 3063 856 3114 eunt
878 3073 979 3113 carnes
1001 3053 1112 3126 suillae,

448 3165 491 3226 sic
512 3165 543 3224 in
564 3165 610 3226 his
632 3165 775 3225 extinctae
796 3173 864 3225 sunt
886 3164 1022 3224 virtutum
1043 3162 1200 3237 scintillee3

390 3277 393 3284 '
447 3276 496 3336 hic
516 3285 601 3338 vacat
621 3274 745 3350 libidini,
768 3297 885 3336 nummo
907 3275 997 3336 servit
1016 3275 1082 3334 ille:

448 3389 555 3448 credite
576 3409 623 3450 me
643 3388 729 3450 vobis
750 3387 852 3450 lolium
873 3386 992 3450 recitare
1013 3385 1152 3466 Sibyllae.

427 3711 461 3762 28
497 3709 573 3764 Ouid
591 3713 662 3765 Fest.
681 3711 702 3778 1,
720 3713 778 3764 195.

427 3834 460 3884 36
494 3832 735 3899 Juven.111,143.

425 3954 461 4004 40
494 3952 591 4006 Juven.
609 3954 655 4018 VI,
676 3955 733 4005 166.

426 4075 461 4128 44
495 4074 592 4130 quen.
610 4074 683 4148 VIII,
702 4074 761 4126 126.
