3194 5014
689 344 842 448 ἐξ..

355 535 432 616 finge
450 535 530 616 quod
546 538 603 599 hoc
621 536 729 611 scieris,
749 536 847 608 sedet
864 517 915 598 uts'
927 537 1047 613 maiora,
1067 539 1138 618 quid
1150 539 1188 600 ed
1204 542 1285 602 rem?

355 650 428 709 Tam
449 647 506 709 cito
528 648 665 710 descistis
687 649 759 708 haec
781 649 879 710 omnia
901 669 976 728 quae
997 649 1130 724 nihilad
1151 672 1222 718 rem.

270 762 310 820 75
397 761 590 820 Transeamus
611 761 700 840 igitur
721 759 759 820 ad
780 761 979 840 imperatorias

354 872 518 932 sanctiones
539 871 710 952 principum,
735 893 808 951 quae
831 873 946 934 fraudes
969 879 997 934 et
1018 873 1090 936 alies

354 984 385 1044 in
407 983 494 1044 domo
516 984 653 1044 scientiae
674 985 829 1063 prohibent
849 985 988 1046 iniurias:

353 1096 407 1156 hos
429 1096 545 1156 laboras
567 1095 684 1170 dixeris,
709 1096 734 1154 si
756 1103 831 1154 recte
854 1095 982 1170 definias,

353 1207 403 1267 vel
424 1207 570 1287 impensas
591 1208 676 1268 utiles
698 1207 748 1266 vel
768 1228 828 1268 non
850 1207 1038 1270 necessarias.

269 1321 311 1380 80
396 1320 512 1380 Bonum
532 1326 628 1380 umen
651 1318 774 1380 arbitror
795 1319 869 1392 scire
891 1319 962 1382 iuris
984 1320 1107 1400 apicem

353 1431 405 1490 sed
428 1431 452 1490 si
474 1430 555 1490 iuxta
576 1429 687 1490 domini
708 1428 885 1492 voluntatem
910 1431 1044 1506 iudicem,

352 1542 426 1601 nihil
447 1541 517 1602 mihi
537 1542 666 1622 proderit
688 1543 761 1604 scire
781 1549 873 1604 totum
895 1545 1032 1618 codicem,

353 1653 422 1714 dum
443 1653 485 1714 nil
507 1631 578 1714 boni
599 1653 744 1732 proferam
769 1662 835 1714 ante
856 1662 967 1716 tantum
987 1655 1123 1720 iudicem.

395 1765 427 1824 Si
449 1765 586 1826 damnum
606 1765 790 1844 prosequitur
811 1765 909 1826 datum
930 1768 981 1828 lex
1001 1767 1131 1847 Aquilia,

266 1879 307 1936 85
351 1876 377 1938 si
399 1884 529 1956 quartam
551 1876 588 1938 de
610 1876 735 1956 singulis
755 1884 867 1938 resecat
887 1879 1027 1955 Falcidia,
1092 1881 1097 1892 ’

351 1989 422 2068 quid
443 1996 568 2069 reportat
590 1989 734 2050 commodi
755 1991 821 2052 talis
844 1991 1037 2065 observantie,

347 2121 401 2181 per
422 2121 509 2180 quam
530 2101 732 2162 noninterius
754 2109 920 2162 resecantur
942 2102 1033 2162 vitia?

392 2212 418 2272 Ο
441 2232 527 2292 quam
549 2212 621 2274 felix
642 2212 777 2287 studium,
802 2233 888 2291 quam
909 2214 1009 2274 felices
1032 2234 1146 2296 operae,

349 2325 375 2386 si
395 2344 547 2404 possemus
569 2325 686 2405 legibus
706 2325 738 2385 in
760 2332 907 2386 aeternum
928 2327 1044 2401 vivere,

349 2435 402 2498 sed
424 2458 490 2498 cum
509 2457 613 2517 regum
634 2437 735 2498 videas
760 2457 883 2518 corpora
903 2446 1076 2519 putrescere,

350 2548 400 2628 qui
421 2548 492 2608 iuris
514 2549 677 2629 aenigmata
700 2550 870 2612 studuerunt
892 2551 1016 2626 solvere,

325 2657 399 2721 ¹eur
421 2661 514 2723 noctis
535 2661 654 2740 vigilias
676 2661 823 2722 consumis
844 2663 901 2724 hoc
923 2663 1036 2743 opere?

349 2772 382 2834 si
403 2791 491 2852 super
511 2773 556 2834 his
578 2773 664 2837 liceat
684 2773 809 2834 breviter
832 2774 1015 2848 concludere,

347 2903 455 2944 vanum
476 2891 519 2942 est
541 2883 722 2944 scholaribus
745 2891 811 2944 ante
833 2885 927 2946 lucem
950 2903 1078 2964 surgere,

347 2995 362 3027 *
384 3015 449 3059 cum
470 2994 513 3054 nil
534 2993 605 3054 boni
626 2995 786 3075 percipiant
807 2995 843 3056 de
866 3015 965 3056 eorum
987 3015 1085 3075 opere.

353 3109 369 3129 ⁸
390 3089 500 3169 Verum
522 3107 548 3166 si
569 3107 619 3168 lex
640 3107 750 3186 Moysi,
774 3127 848 3186 quae
870 3107 969 3168 divina
991 3107 1104 3183 dicitur,

346 3219 389 3279 nil
410 3219 568 3301 perfectum
590 3220 694 3294 attulit,
715 3241 734 3280 a
754 3220 857 3282 maiori
879 3221 1009 3300 sequitur

348 3330 427 3410 quod
448 3331 529 3394 nulla
549 3331 687 3414 perfectio
708 3333 784 3412 legis
805 3330 983 3412 intelligitur,

348 3462 435 3522 quam
455 3444 604 3506 Romanos
626 3443 773 3524 principes
793 3445 994 3524 promulgasse
1016 3444 1130 3524 legitur.

327 3674 361 3724 ss
395 3675 523 3742 nstris.
541 3671 574 3726 ue
590 3673 649 3742 rege
667 3675 776 3740 squuu
793 3674 879 3739 1v‚a;
896 3674 958 3742 nsg.
977 3673 1011 3726 aa
1027 3673 1271 3740 leg.Aqutl.1X,2.
1381 3641 1383 3649 ’

326 3795 360 3844 85
393 3795 448 3845 Tit.
462 3793 528 3846 lust.
552 3793 585 3846 de
607 3794 667 3860 lege
689 3794 808 3846 Falcidia
824 3795 859 3858 11,
875 3797 922 3859 223
952 3795 1015 3861 Dig.
1038 3794 1072 3852 ed
1094 3795 1146 3861 leg.
1170 3794 1270 3846 Falcid.

393 3889 501 3954 XXXV,
511 3892 536 3940 2.

325 4009 359 4058 95
392 4009 470 4060 Fehlt
487 4009 517 4060 in
533 4007 579 4060 der
596 4010 700 4060 Pariser
714 4009 896 4071 ,Handsehrifs
