3194 5014
773 417 928 540 ἐξ-

486 627 512 692 si
533 627 616 705 bnt,
639 627 761 710 expedit
778 635 811 690 ut
831 627 936 690 sedens
957 628 1078 702 hunris‘t,

487 761 525 802 nc
545 762 600 822 pes
621 741 677 802 sub
698 740 828 822 pondere
848 739 958 802 ventris
980 739 1100 802 deficiet.

377 854 441 912 405
528 853 586 914 Die
607 852 768 934 tripudians
789 853 893 914 adorat
914 852 1002 926 dolis,

483 971 568 1026 nocts
590 985 655 1026 cum
675 965 781 1046 bipede
803 964 917 1026 luberet
937 963 1046 1040 bestic3

470 1077 537 1166 'teli
559 1075 734 1153 discrimine,
756 1077 809 1138 teli
828 1075 962 1138 molestis

483 1197 608 1252 meretur
629 1189 688 1250 Dei
708 1187 755 1251 vir
774 1207 866 1269 regns
886 1187 1032 1250 coclea.

528 1301 585 1362 His
606 1301 679 1361 mihi
699 1301 815 1380 plenius
836 1300 909 1362 visis
930 1307 959 1360 et
979 1299 1104 1379 cognitis

377 1414 442 1472 410
485 1411 546 1474 dux
567 1431 648 1473 mens
670 1393 804 1472 menibus
825 1431 872 1472 mc
893 1412 969 1491 cepit
989 1411 1092 1486 inritis,

485 1531 514 1584 et
535 1531 621 1605 caput
642 1531 765 1603 quatuor
786 1521 952 1604 discerpens
974 1522 1082 1603 digitis,
1178 1555 1181 1560 ·

484 1637 572 1699 solvit
592 1636 624 1696 in
646 1641 769 1716 quatuor
789 1655 959 1716 compagem
980 1634 1091 1715 cepitis.
1225 1655 1232 1663 ·

527 1751 565 1810 Et
586 1769 623 1809 nc
644 1747 782 1828 mysteria
802 1747 940 1809 vidissem
961 1765 1123 1829 perperam,

484 1860 576 1940 figens
597 1859 733 1940 occipitis·
749 1859 781 1919 in
801 1866 912 1940 purtem
931 1867 1061 1920 tenerem
1106 1911 1109 1917 Δ

322 2013 325 2018 -
376 1974 439 2033 415
483 1974 626 2054 rigentem
648 1971 783 2052 stipulam
805 1972 910 2032 siccum
931 1979 960 2032 et
981 1989 1121 2051 aspersu,
1187 1995 1194 2029 ·.

484 2085 599 2167 scripsit
620 2085 652 2145 in
674 2083 792 2145 cerebro
815 2090 917 2144 cuncta
938 2087 1013 2163 quise
1033 2081 1172 2144 vium.
1203 2113 1206 2118 ·

526 2197 584 2258 His
605 2197 695 2277 gestis
717 2196 833 2258 deferor
853 2197 885 2257 in
906 2215 1019 2258 summu
1039 2194 1168 2267 nubium,

484 2309 655 2388 coelumque
676 2316 776 2388 raptus
798 2327 862 2368 sum
882 2327 976 2386 usquc
997 2307 1036 2367 sd
1055 2307 1179 2380 tertium,

483 2420 534 2481 ubi
555 2419 687 2480 mirabile
706 2417 771 2479 ridi
792 2417 968 2498 mysterium,

376 2534 441 2592 420
484 2539 513 2592 et
534 2531 678 2592 ineffabile
701 2531 805 2611 cuique
826 2529 998 2590 mortalium.

526 2644 577 2704 Ad
599 2643 702 2706 summi
724 2642 828 2704 iudicis
849 2647 956 2702 usctm
979 2639 1111 2716 seneffia,

483 2756 558 2816 inter
578 2762 622 2817 tot
641 2753 746 2816 millies
768 2761 889 2816 centena
911 2751 1012 2828 millis,

483 2867 629 2951 profunda
650 2865 738 2928 didici
760 2867 817 2928 Dei
839 2865 971 2941 consilis,

482 2981 615 3044 humanis
636 2979 780 3042 mentibus
802 2977 1009 3040 inscrutabilis.

376 3093 439 3152 425
528 3092 609 3170 Quae
630 3099 784 3174 postquem
805 3109 944 3151 noveram
966 3089 1060 3148 stetim
1083 3087 1182 3162 esurii,

483 3202 612 3282 mihique
633 3221 768 3284 proceres
789 3200 889 3282 magni
911 3199 1026 3262 consilii

389 3329 393 3344 ¹
482 3333 588 3396 punem
609 3314 764 3396 papaveris
785 3319 962 3394 proponunt,
987 3311 1037 3372 alii
1076 3343 1078 3348 ·

482 3427 602 3489 Lethaei
623 3427 737 3488 laticem
758 3425 915 3506 propinant
935 3424 1027 3486 fluvii.

527 3541 658 3619 Cumque
679 3539 867 3618 palpaveram
888 3556 994 3618 punem
1015 3535 1178 3617 papaveris,

335 3658 337 3662 ’
375 3653 440 3711 430
482 3650 629 3730 labrisque
650 3649 764 3710 laticem
785 3649 879 3710 infisdi
900 3647 1021 3722 miseris,

483 3762 578 3823 stetim
600 3760 708 3822 obiitus
730 3781 793 3822 sum
816 3759 910 3822 divini
930 3759 1067 3833 muneris,

483 3893 537 3935 nec
559 3872 716 3955 quidquem
737 3871 818 3954 potui
839 3891 926 3936 nosse
947 3891 1013 3958 cum
1035 3869 1157 3951 superis.
