3194 5014
803 387 846 452 54

752 485 880 492 ----.
897 485 903 490 .

462 582 597 662 Sequitur
620 581 811 660 quadrivium,
835 580 866 640 id
888 588 932 641 est
952 580 1159 656 mathematice,

420 694 521 755 eedem
544 713 618 772 ques
640 691 743 753 dicitur
766 714 783 752 a
805 692 977 772 quibusdem
998 692 1104 772 logice,

335 809 377 866 50
421 825 495 887 quae
517 805 634 884 singula
654 806 795 865 trutinans
817 806 899 864 lance
922 804 1124 883 philosophica

421 917 458 977 de
480 917 590 977 naturis
612 917 739 997 disputet
761 919 846 978 etde
869 935 964 975 rerum
985 915 1117 994 physice.

464 1029 522 1088 Hic
544 1029 632 1108 igitur
653 1029 756 1088 artium
777 1028 847 1086 felix
870 1027 1050 1108 septenarius

421 1141 512 1200 fuctus
534 1147 577 1199 est
599 1141 735 1199 scientiae
758 1141 841 1233 quusi
863 1141 1047 1212 fructuarium

421 1251 473 1311 sed
494 1251 577 1312 labor
599 1272 653 1311 uec
676 1253 753 1312 utilis
776 1272 829 1311 nec
852 1259 895 1311 cst
916 1251 1104 1324 necessarius,

420 1363 508 1422 immo
531 1363 711 1423 voluntarius
733 1363 796 1422 sive
817 1362 1006 1441 voluptarius.

376 1505 386 1520 ·
466 1475 545 1550 Quid
566 1476 617 1535 tibi
639 1475 825 1554 grammatice
847 1473 976 1533 studioso
998 1482 1081 1552 partu
1103 1473 1211 1547 labore,

423 1585 493 1665 quid
515 1587 625 1646 confert
647 1587 744 1666 logica
766 1606 839 1665 quae
862 1592 950 1646 certet
971 1584 1065 1646 leudis
1088 1586 1207 1645 amore?

424 1697 495 1776 quid
516 1698 571 1758 fert
591 1698 755 1758 rhethorica
775 1705 916 1758 vernante
938 1696 1064 1777 superbe
1084 1696 1206 1777 lepore?

422 1830 508 1889 quem
529 1809 657 1869 referunt
678 1809 800 1869 fructum
822 1829 924 1869 versus
947 1828 1081 1888 nugueve
1103 1809 1249 1868 canorae?

315 1985 322 1999 ι
423 1920 494 1979 talia
515 1941 575 1980 non
599 1922 715 2000 sapiunt
736 1921 792 1981 viri
815 1921 953 2000 sepientis
975 1921 1006 1979 in
1029 1940 1089 1980 cre.

335 2036 339 2052 ¹
423 2033 493 2092 Esto
516 2032 660 2093 secundus
682 2032 775 2107 Atlas,
802 2032 882 2094 dices
905 2053 963 2112 quc
985 2031 1080 2092 sidere
1102 2032 1194 2113 frugis

423 2143 565 2204 defectum
587 2144 711 2224 patietur
732 2163 811 2224 ager,
835 2145 900 2223 quis
923 2143 1044 2224 frugifer
1066 2163 1168 2219 annus,

424 2255 500 2316 unde
523 2255 606 2316 nives
628 2255 769 2336 producet
789 2257 892 2330 hiems,
916 2277 991 2336 quae
1012 2256 1089 2317 veris
1111 2257 1141 2315 in
1164 2263 1228 2317 ortu

423 2367 576 2447 temperies
598 2367 759 2445 impinguet
779 2369 906 2441 humum,
931 2387 981 2427 cur
1003 2367 1103 2427 ardeat
1124 2375 1227 2442 uestes,

424 2499 475 2539 cur
496 2479 575 2558 leget
596 2484 751 2538 autumnus
769 2485 962 2557 praegnantes
984 2479 1080 2540 ebrius
1101 2497 1188 2553 uvam

424 2589 548 2651 circulus
570 2609 607 2648 an
628 2589 721 2669 possit
743 2588 887 2668 quadrari,
911 2610 948 2649 sn
970 2591 1079 2650 musice
1101 2591 1204 2650 formet

424 2702 564 2762 coelestes
585 2701 728 2774 modulos,
753 2699 832 2760 dicas
855 2701 919 2780 quis
941 2701 1037 2761 sideru
1058 2709 1168 2782 septem

423 2813 546 2892 impetus
570 2811 688 2892 obliquo
711 2813 804 2892 rapiet
825 2813 969 2874 contrarie
989 2811 1107 2888 mundo,

425 2931 495 3003 quot
516 2924 622 2984 distent
643 2945 661 2984 a
682 2944 715 2985 se
737 2924 884 3004 gradibus,
909 2945 982 3004 quae
1005 2926 1089 2986 stelle
1110 2923 1246 2986 nocivum

341 3039 382 3096 70
424 3035 562 3116 impediet
582 3036 696 3097 saevire
718 3055 826 3111 senem,
850 3057 909 3117 quc
931 3036 1027 3097 sidere
1048 3036 1096 3096 fiet

428 3148 511 3209 obice
532 3147 684 3227 propitius,
708 3149 832 3206 Martem
854 3148 920 3226 quis
942 3155 1080 3228 temperet
1100 3148 1187 3228 ignis.

424 3261 521 3319 Parve
541 3259 656 3336 loquor,
679 3257 797 3318 claudes
818 3265 908 3319 totum
930 3259 985 3319 sub
1006 3265 1122 3338 pectore
1144 3258 1270 3320 coelum:

404 3517 507 3567 61-72
541 3515 596 3566 Der
612 3515 722 3566 Dichter
739 3513 873 3566 entlehnte
890 3513 962 3566 diese
981 3515 1069 3579 Stelle,
1093 3515 1142 3566 mit
1159 3513 1265 3580 einigen
1282 3514 1349 3566 Aeu-

473 3610 615 3675 derungen‚
633 3611 719 3660 seiner
736 3609 907 3660 Alexandrcis
925 3609 973 3672 111,
988 3609 1073 3659 tter.

405 3730 439 3780 65
473 3729 548 3780 Alex.
562 3729 683 3790 111,146:
717 3727 776 3794 quis
793 3729 866 3780 dedit
883 3734 1008 3780 autumno
1031 3728 1140 3782 maturis
1164 3727 1192 3792 (l.
1207 3725 1350 3793 calcandis)

473 3825 576 3890 cingier
592 3823 660 3874 uvis.

405 3945 438 3995 67
472 3944 548 3995 Alex.
570 3944 587 3994 l.
602 3943 620 3994 1.
647 3943 779 3994 Caelestes
800 3942 919 3994 modulos
936 3943 979 3994 rel
996 3947 1095 4008 quante
1111 3943 1245 4010 proportio
1263 3957 1350 3994 rerum

646 4037 764 4101 Quetuor
780 4038 850 4090 inter
866 4053 904 4103 se,
922 4037 997 4089 norit
1014 4038 1074 4104 quis
1091 4035 1179 4089 sidere
1195 4041 1295 4104 septem
