3194 5014
784 378 935 486 2⁸ss-

388 578 449 640 275
493 594 581 638 onom
601 589 773 656 puerperam
794 589 930 656 coponem
951 571 1094 636 neminum

492 677 591 750 mullet
611 705 699 768 quom
719 683 854 748 undecim
874 684 966 748 millia
986 683 1142 766 virginum.

535 801 608 861 Post
627 797 743 860 miceam
764 796 917 877 presbyter
936 797 1104 877 relinquens
1125 797 1247 862 iniulnm

492 911 526 974 in
544 909 736 972 meritrioulce
757 908 907 970 descendit
927 907 1068 986 insulem

492 1023 535 1086 eic
556 1022 624 1085 fecit
643 1020 789 1104 luppiter,
812 1019 863 1102 qui
883 1019 964 1084 iuxta
985 1021 1112 1084 fabulam

385 1139 449 1198 280
491 1135 605 1199 coelum
626 1133 753 1197 deceruit
773 1133 922 1214 sequendo
944 1134 1073 1198 vitulum.

534 1249 621 1308 Hunc
642 1245 812 1313 mulieribus
833 1246 970 1328 proponit
990 1247 1153 1323 maximnm

490 1359 571 1442 quod
591 1379 688 1420 rerum
710 1356 822 1418 decime
843 1378 903 1420 non
925 1359 1019 1420 enlvnt
1039 1359 1180 1436 enimem3

489 1471 571 1534 nulle
591 1469 750 1532 salvabitur
771 1469 810 1530 ad
830 1471 933 1530 horem
953 1469 1092 1546 nltimam,

489 1583 547 1646 niei
568 1583 605 1644 de
627 1602 748 1664 corpore
769 1581 889 1646 solverit
910 1551 1060 1644 decimam.

383 1699 445 1760 285
530 1695 628 1776 thue
649 1694 818 1778 vulpeculae
840 1694 926 1757 fovea
946 1695 1052 1770 foveat,

489 1829 549 1871 non
571 1827 659 1870 ceum
680 1807 804 1870 Veneris
825 1807 949 1869 insontes
970 1815 1112 1888 procreat,

487 1919 539 1983 eed
561 1927 593 1982 ut
613 1919 651 1981 de
671 1919 791 2002 proprio
814 1919 925 1981 enimes
945 1919 1059 1994 habent,

487 2032 593 2114 quibus
615 2051 687 2114 quoe
709 2031 837 2114 perdidit
855 2029 978 2094 'reddere
999 2031 1104 2094 velent

529 2145 601 2208 Post
622 2147 695 2207 haec
716 2164 735 2205 e
754 2145 881 2206 thalamo
902 2143 1000 2225 prodit
1020 2145 1154 2207 oethoreo

380 2259 444 2318 290
486 2256 589 2336 virago
611 2256 719 2318 nobilis
740 2259 880 2338 vultuque
900 2277 995 2333 roseo,

455 2381 458 2394 ·
485 2387 560 2448 quoe
580 2368 688 2430 librum
709 2367 801 2447 digito
823 2367 892 2428 dum
913 2368 1006 2448 tangit
1026 2369 1123 2446 niveo,
1212 2395 1216 2404 ¹

484 2486 599 2542 sextmn
618 2478 801 2559 signaculum
822 2478 948 2540 solutum
968 2479 1065 2541 video.

526 2591 608 2654 Istud
629 2591 787 2672 capittdum
807 2591 908 2672 figuris
929 2592 1075 2670 brevibus,

482 2703 599 2768 minutis
620 2703 721 2765 litteris
744 2709 772 2764 et
792 2703 1012 2767 cohaerentibus

376 2818 438 2879 295
481 2815 625 2896 oretisque
646 2815 752 2878 texitur
772 2815 1015 2893 interlinooribue,

482 2929 609 3010 clerique
629 2929 748 3010 plenum
770 2937 813 2992 eet
833 2929 942 2992 crebris
964 2931 1140 2994 excessibus.
1253 2961 1262 2978 ·

524 3043 657 3123 Torpent
679 3041 808 3123 ignovit,
830 3049 942 3104 tumens
966 3043 1061 3118 eletio,

480 3153 573 3214 libido
595 3152 757 3226 sordidans,
780 3153 896 3214 fervore
918 3154 1045 3230 ambitio,

425 3331 434 3346 ,
480 3265 614 3345 voluptee
636 3263 782 3340 indecens,
807 3273 835 3326 ot
855 3265 947 3348 turpis
969 3267 1043 3328 actio

374 3379 438 3440 300
480 3397 499 3438 c
519 3377 597 3460 turpi
617 3376 762 3460 prodeunt
783 3378 853 3440 oleri
876 3379 1020 3460 conlegio.

523 3491 600 3552 Ecce
620 3491 729 3552 vicerio
751 3511 878 3572 persono
897 3491 1031 3572 primitus

479 3602 628 3664 committit
648 3603 758 3664 enimes
779 3611 808 3664 et
827 3604 891 3664 inre
912 3603 1039 3684 spiritus,

480 3713 594 3794 sibique
615 3713 718 3776 retinet
739 3734 840 3777 caueae
863 3722 891 3776 et
910 3714 1030 3790 reditur,

479 3845 554 3905 quoe
576 3824 673 3886 audax
694 3825 815 3887 devorat
836 3834 864 3888 et
884 3827 1101 3907 imperterritus.

372 3937 434 3997 305
521 3937 672 3998 Errantem
694 3937 818 3998 enimam
839 3939 870 3999 in
891 3939 977 4019 pluro
997 3938 1140 4015 dividens,

467 4047 577 4119 ¹decem
600 4049 736 4113 ecelesiae
756 4051 806 4112 vel
823 4051 924 4132 pluree
944 4051 1109 4134 poecidene,
1203 4121 1209 4128 ‚
