3194 5014
829 1125 867 1204 l.

330 1265 439 1348 Quod
463 1267 567 1362 Papa
592 1268 645 1342 sit
671 1289 843 1344 summus
869 1272 910 1342 et
935 1268 1148 1362 Imperator
1172 1270 1245 1344 rub
1270 1271 1362 1364 ipsc.

481 1462 579 1550 Totus
601 1489 688 1550 huius
708 1490 846 1568 temporis
868 1490 940 1552 ordo
963 1492 1026 1552 sive
1047 1499 1137 1552 status

438 1601 474 1660 ab
497 1599 631 1678 antiquae
652 1599 727 1680 legis
750 1607 793 1662 est
813 1601 892 1662 fonte
914 1601 1072 1678 derivatum

437 1710 597 1790 praesentis
619 1711 767 1772 Ecclesiae
788 1721 871 1774 tenor
893 1720 921 1774 et
942 1721 1060 1774 ornatus

319 1877 322 1884 .
437 1821 468 1881 in
490 1823 573 1900 aquis
594 1820 698 1884 diluvii
720 1821 773 1882 fuit
792 1823 938 1902 figunatus.
972 1903 975 1908 Ι
1071 1847 1073 1852 ·

373 1934 392 1990 5
479 1933 601 1993 Notatur
622 1933 754 1992 Ecclesia
775 1934 895 2012 mystice
916 1955 969 2014 per
990 1954 1094 2008 arcam,

437 2043 562 2104 mundus
583 2063 636 2124 per
658 2043 813 2120 diluvium;
836 2045 888 2106 sed
909 2066 947 2106 ne
968 2046 1065 2106 verbis
1087 2065 1212 2126 parcam,

437 2173 489 2234 per
510 2155 575 2214 Noe
597 2154 761 2235 colligimus
783 2177 925 2219 summum
946 2158 1145 2238 patriarcham,

436 2265 524 2326 totius
546 2266 695 2326 Ecclesiae
717 2275 803 2346 caput
825 2275 852 2328 et
873 2270 1066 2330 monarcham.

480 2375 526 2436 lbi
548 2377 612 2437 Noe
633 2377 765 2437 manibus
787 2379 911 2452 mundis,
939 2379 1026 2440 corde
1047 2379 1154 2440 muundo

354 2489 395 2546 10
437 2487 581 2548 universis
602 2487 747 2567 imperans
770 2489 862 2550 carurit
882 2489 1025 2565 secundm

438 2599 480 2658 sic
502 2599 612 2659 cunctis
633 2599 802 2678 praeficitur,
827 2608 968 2680 quotquot
989 2601 1108 2662 suntin
1128 2602 1247 2676 mundo,

437 2710 527 2789 Papa,
551 2709 754 2790 navigantibus
776 2711 862 2772 nobis
883 2711 914 2771 in
935 2712 1091 2792 profundo.

480 2823 560 2902 Ergo
582 2821 631 2882 vel
653 2821 801 2884 Ecclesiae
822 2823 980 2884 membrum
1001 2845 1062 2884 uon
1084 2824 1194 2884 dicatur

344 2955 346 2960 ·
439 2933 554 3008 Caesar,
576 2933 625 2994 vel
646 2933 774 3014 pontifici
795 2955 906 2996 summo
929 2923 1122 3017 supp0n⁴atur3

354 3045 394 3102 15
438 3044 581 3124 siquidem
603 3045 751 3106 Ecclesiae
773 3046 841 3106 satis
863 3046 1027 3126 derogatur,

438 3154 507 3215 dum
528 3176 581 3235 per
602 3155 684 3215 illum
705 3156 797 3215 libera
818 3164 908 3216 mater
930 3157 1090 3217 ancillatur.

481 3266 512 3327 Si
535 3269 641 3328 Caeam
662 3268 764 3342 Roma,
789 3267 814 3328 si
836 3267 959 3330 Caesare
980 3271 1075 3330 Roma
1097 3277 1213 3345 careret,

524 3384 623 3439 sancta
644 3377 716 3440 Sion
738 3379 819 3440 nulla
840 3379 945 3460 pellice
967 3381 1047 3440 laesa
1069 3381 1209 3462 (lceeea)
1231 3381 1318 3457 foret;

482 3509 519 3550 ex
540 3509 573 3550 rc
594 3493 701 3550 nomeu
721 3491 823 3552 habet:
851 3511 987 3552 caesurae
1009 3493 1116 3553 Caesar
1138 3493 1231 3573 origo,

354 3601 395 3658 20
523 3579 672 3662 Ecclesiae
693 3602 782 3662 vestis
805 3603 929 3664 Caesare
951 3622 1036 3664 caesa
1057 3603 1119 3664 fuit.

324 3754 328 3760 ⁴
417 3690 420 3695 ¹
481 3711 579 3773 Vestis
599 3711 790 3788 inconsutilis,
813 3714 902 3775 vestis
924 3714 976 3774 illa
997 3715 1102 3776 Christi

438 3821 534 3884 unitas
556 3829 599 3883 est
619 3822 686 3884 fidei
708 3844 794 3903 quam
815 3831 847 3886 tu
869 3824 1009 3900 divisisti;

438 3933 507 3995 dum
528 3954 683 4015 personam
704 3936 808 3996 laicam
828 3938 927 4018 Papae
947 3935 1118 4018 praetulisti,

440 4065 513 4132 opus
535 4045 708 4108 inconsutile
730 4049 805 4110 male
826 4049 975 4112 censuisti.
