3194 5014
699 402 848 510 A

321 598 378 658 55.
406 595 455 676 qui
478 593 552 671 dixit
574 592 719 674 „suspice
743 595 844 660 oculos
866 596 954 678 apoli,

409 715 438 769 et
457 706 526 768 vide
548 707 607 768 cito
627 727 702 788 quae
724 715 838 790 oportet
857 708 950 770 fieri“.

447 817 574 899 Suspexi
594 819 682 882 celeri
704 821 802 892 coelos
825 820 938 896 intuitu,

405 937 433 992 et
453 930 496 991 fui
517 937 618 1011 postea
640 930 734 992 statim
754 931 786 992 in
808 931 911 1012 spiritu

404 1049 510 1104 trectus
531 1049 586 1124 per
605 1045 721 1104 aethera
741 1043 814 1106 miro
837 1044 966 1122 circuitu,

319 1157 360 1217 60
403 1155 551 1216 coelorum
571 1154 684 1234 positus
704 1155 822 1218 tandem
843 1155 874 1216 in
896 1134 985 1218 aditu.

446 1267 505 1328 Sed
526 1267 625 1346 fulgor
645 1266 767 1346 fulguris
790 1267 840 1347 qui
862 1267 1088 1330 circumfulserat

401 1379 511 1462 primos
533 1378 651 1440 intuitus
672 1378 744 1439 milui
765 1380 943 1456 reverberat3

403 1499 431 1554 st
452 1491 525 1552 dixit
546 1491 668 1570 angelus
691 1492 741 1572 qui
762 1511 875 1552 mecum
895 1487 1007 1553 ederat:
1109 1525 1111 1529 ·

404 1605 507 1684 „Siste
530 1604 643 1665 videbis
667 1623 742 1683 quse
762 1603 915 1666 lohannes
937 1605 1080 1666 viderat“.

387 1713 400 1742 ⁴
444 1716 539 1796 „Visa
560 1715 770 1796 conscripserat
791 1715 841 1776 ille
862 1717 999 1796 mysteria

401 1834 510 1909 septem
532 1829 670 1890 Ecclesiis
693 1847 768 1908 quse
790 1836 857 1890 sunt
877 1828 908 1888 in
930 1828 1019 1891 Asia:

400 1947 432 2002 tu
454 1940 562 2002 scribes
584 1941 677 2016 etiam,
701 1940 794 2000 forma
815 1940 868 2002 sed
889 1941 955 2016 alia,

400 2059 510 2134 septem
531 2053 669 2114 Ecclesiis
692 2060 854 2132 quaesunt
875 2051 906 2112 in
928 2052 1069 2134 Anglia“.

377 2134 1009 2244 'fflmfflwmQ

401 2276 551 2354 Quaedam
572 2275 697 2338 intonuit
716 2283 862 2355 tamquam
883 2269 1021 2338 volubilis

398 2397 462 2450 rota
482 2387 610 2464 tonitrui,
633 2388 696 2450 sive
717 2387 853 2450 temlsilis

398 2522 460 2564 vox
480 2501 568 2562 tubae
590 2521 712 2562 corneae
733 2501 782 2562 vel
803 2501 891 2562 tubae
912 2499 1055 2562 ductilis..

351 2668 356 2681 f
441 2613 513 2676 Vidi
533 2620 600 2694 poet
621 2613 747 2674 sonitum
768 2613 932 2694 pulsantem
953 2613 1070 2676 aethera

399 2733 507 2807 septem
529 2725 704 2790 candelabra
725 2731 891 2806 septemque
913 2723 1018 2802 sidera,

375 2869 377 2874 v
398 2859 474 2918 quae
494 2839 540 2900 vir
562 2837 685 2898 eximius
706 2837 821 2898 tenebat
843 2837 975 2913 dextera3

400 2957 428 3012 et
448 2949 523 3010 dixit
543 2949 691 3029 Angelus:
715 2948 830 3028 „frater,
855 2947 1016 3010 considera.

440 3062 514 3122 Sunt
534 3063 606 3122 haec
628 3059 802 3122 candelabra
823 3067 933 3141 septem
955 3061 1111 3140 Ecclesiae,
1176 3077 1185 3094 ‘

398 3181 426 3236 et
447 3175 547 3236 stellae
568 3174 733 3254 praesules3
755 3172 808 3234 sed
830 3193 930 3236 omnes
951 3173 1039 3236 hodie

397 3285 535 3347 debentes
556 3285 622 3346 aliis
643 3285 734 3346 instar
755 3284 881 3346 iustiliae

312 3401 355 3460 80
396 3403 509 3480 ponunt
530 3396 585 3457 sub
607 3395 706 3460 modio
727 3398 876 3458 lucernam
897 3396 1036 3475 gratiae“.

439 3511 512 3571 Post
531 3509 605 3570 haec
627 3507 763 3589 apposuit
783 3527 849 3569 cum
870 3513 979 3588 septem
1000 3507 1091 3571 titulis

397 3622 543 3702 signatum
564 3621 694 3682 codicem
716 3627 825 3700 septem
846 3619 1015 3701 signaculis,

397 3733 513 3795 dicens:
536 3721 688 3815 „adpicias'
708 3733 824 3795 intentis
847 3733 940 3794 oculis

398 3865 473 3925 quae
492 3849 564 3906 nota
584 3846 672 3908 facias
693 3853 833 3906 terrarum
856 3845 1001 3906 circuunt.

312 3958 353 4018 85
382 3954 397 3988 *
441 3958 515 4036 „Est
534 3957 611 4018 vitae
631 3958 798 4038 praesulum
819 3957 922 4019 (lodex
942 3957 990 4018 hic
1011 3956 1155 4034 conscius,

397 4089 472 4150 quae
491 4089 545 4150 per
565 4069 716 4149 signacula
736 4068 851 4130 videtur
871 4069 994 4146 clarius3
