3194 5014
711 463 755 530 29

656 557 808 570 ...ῳ

367 667 411 724 eet
430 660 506 722 male
528 657 651 740 singuiis
673 657 810 720 subiectis
831 655 1010 742 praesidens,

367 773 437 834 dum
459 773 541 834 adast
562 778 590 833 et
611 771 693 833 abest
714 791 827 852 semper
847 777 880 831 ut
900 769 1044 830 enuidens.

409 887 463 947 Est
483 904 554 946 suaa
575 883 680 945 oelaius
702 884 786 944 aulae
807 883 953 962 fastigium

259 1000 323 1058 310
366 1015 452 1076 quam
473 997 511 1058 sit
532 996 654 1058 eeclesia
675 1003 840 1059 sanctorum
862 995 1005 1070 omnium3

365 1129 493 1190 anaeque
513 1108 605 1190 pluris
628 1116 671 1170 est
691 1107 807 1188 puellae
827 1107 948 1188 pellium

366 1241 453 1302 quam
474 1221 620 1302 opertoria
640 1220 740 1280 dooem
762 1219 904 1280 altarium.

372 1389 374 1396 .
407 1333 491 1394 Facit
511 1331 664 1414 indagines
685 1339 714 1392 ot
735 1331 874 1409 aedificia,

364 1443 499 1526 dragmas
522 1452 550 1506 et
571 1445 696 1506 annulos
719 1452 746 1506 et
766 1443 919 1505 mutatoria

258 1558 321 1617 315
365 1557 402 1617 de
423 1557 597 1639 patrimonio
619 1557 746 1638 regentis
769 1557 874 1632 omnia,

364 1691 449 1750 quom
470 1677 546 1732 stare
566 1669 674 1751 patitur
695 1667 805 1730 nudum
826 1667 864 1728 od
886 1667 967 1729 ostia.

408 1783 582 1844 Commissas
604 1781 715 1843 animas
736 1782 812 1862 regit
832 1779 958 1841 vinarius

363 1900 396 1954 ut
416 1913 499 1956 susm
520 1894 683 1976 propriam
707 1914 775 1955 nam
796 1899 828 1954 ut
848 1891 968 1954 liberius

364 2005 472 2067 amittat
493 2006 574 2082 alias,
598 2005 635 2067 de
657 2005 828 2088 enepotius

258 2120 323 2179 320
365 2117 515 2199 perdenda
536 2119 644 2198 cogitat
665 2117 703 2178 ad
724 2119 801 2178 mala
821 2115 967 2198 praevius.

355 2287 364 2304 ,
406 2230 508 2291 Omnis
530 2249 549 2289 a
569 2229 681 2290 olorinis
702 2228 766 2290 fluit
787 2229 956 2290 enormitas:

363 2341 432 2403 dum
454 2343 520 2403 Deo
542 2341 667 2402 debeant
687 2349 796 2404 mentes
819 2341 957 2404 sollicitas

362 2461 484 2515 tractent
503 2455 622 2536 negotia
642 2473 809 2534 mercesque
830 2453 941 2529 vetitas,

364 2573 508 2628 atrorum
529 2565 655 2650 turpium
676 2567 756 2628 vioes
777 2566 929 2628 indebitas.

257 2681 319 2739 325
406 2679 465 2739 Hie
486 2680 579 2742 sulcat
599 2680 690 2740 meria
710 2686 864 2762 praecepto
887 2676 1021 2752 Domini3

365 2790 414 2851 hio
436 2791 505 2852 oolit
525 2791 670 2853 nundinas
692 2790 855 2852 credendus
877 2791 998 2865 nemini3

363 2903 411 2963 hio
433 2909 495 2962 arat
516 2903 612 2965 sooius
634 2901 718 2964 bovis
742 2910 769 2963 et
790 2902 880 2963 asini:

362 3015 405 3077 sie
426 3035 490 3077 sors
512 3013 664 3076 cuiuslibet
684 3019 828 3094 repugnat
849 3012 954 3074 ordini.

405 3127 464 3188 Hie
485 3126 657 3208 generosior
677 3133 826 3188 tonsuram
847 3125 969 3208 rospuit;

256 3241 320 3300 330
362 3239 436 3300 altor
457 3238 495 3300 ad
516 3239 612 3300 elerici
633 3251 740 3301 nomen
763 3238 889 3314 erubuit3

362 3351 418 3427 hio,
441 3351 551 3413 librans
572 3349 689 3426 liberos,
712 3349 803 3412 libros
825 3349 966 3412 deseruit:

364 3463 406 3526 sio
427 3463 503 3524 inter
523 3462 613 3525 laicos
635 3461 729 3524 olerus
752 3461 895 3522 defloruit.
943 3461 949 3474 “

404 3575 454 3636 Ao
466 3577 547 3636 'haee
569 3573 744 3656 Aethiopum
765 3573 850 3634 turba
871 3591 936 3634 oum
957 3569 1072 3635 turbine

363 3707 381 3748 a
403 3687 529 3768 quodam
549 3685 659 3769 prodiit
678 3686 760 3749 fusco
781 3671 929 3762 bitumino,

257 3801 319 3860 335
364 3800 413 3879 qui
434 3799 525 3880 longo
547 3800 668 3861 veniunt
687 3797 796 3880 passim
818 3799 959 3874 examine,

362 3911 517 3973 clamantes
539 3911 644 3992 septies
667 3913 733 3991 „Tu
755 3919 858 3987 autem,
881 3910 1044 3972 Domine“i

406 4023 547 4086 Clamoris
568 4021 688 4086 horrida
707 4043 781 4086 vooe
801 4023 938 4085 teterrimi

362 4134 423 4198 dux
445 4155 527 4200 meus
546 4144 669 4204 uomere
690 4135 786 4220 coepit
807 4143 835 4198 ot
855 4131 1016 4217 comprimi,
