3194 5014
746 1089 798 1169 vl.

371 1229 507 1307 contra
533 1234 678 1306 statum
703 1227 894 1306 Ecclesiae
921 1233 1179 1347 depravatum.

651 1382 769 1452 [uragu
785 1402 811 1452 p.
823 1384 890 1452 ua]

404 1537 565 1626 Heliconia
587 1564 682 1626 rivulo
704 1564 819 1626 modice
839 1585 997 1646 respersus,

278 1727 281 1736 .
361 1697 465 1764 vereor
485 1698 522 1736 ue
543 1676 673 1757 pondere
695 1677 749 1736 sim
770 1677 926 1738 verborum
948 1698 1072 1753 mersus;

362 1787 414 1848 sed
436 1788 504 1868 quia
525 1787 653 1848 illabitur
674 1787 799 1849 mundus
818 1787 982 1864 universus,

360 1899 457 1979 incipe
478 1900 642 1960 Maenalios
664 1921 776 1960 mecum
797 1920 861 1961 mea
881 1900 952 1960 tibia
966 1920 1084 1972 ,versus

298 2013 317 2072 ὅ
403 2011 557 2090 Rhythmis
580 2011 648 2072 dum
670 2013 800 2086 lascivio,
823 2033 925 2072 versus
948 2012 1017 2074 dum
1037 2014 1171 2095 propino,

361 2122 438 2182 rodit
458 2123 556 2182 forsan
579 2123 683 2202 aliquis
696 2103 792 2183 'dente
813 2144 859 2183 me
881 2123 994 2198 canino,
1218 2097 1220 2100 Ι

359 2235 427 2314 quia
448 2254 501 2294 nec
524 2233 636 2294 afflatus
659 2253 722 2294 sum
744 2234 846 2314 spiritu
868 2233 978 2308 divino,

358 2366 453 2426 nsque
474 2345 557 2405 labra
575 2345 674 2424 prolui
695 2345 776 2406 fonte
798 2345 952 2406 caballino.

400 2457 561 2518 Accusator
583 2457 734 2518 criminum
755 2458 901 2538 iudexque
923 2456 1031 2519 sedebo

274 2573 314 2633 10
358 2569 486 2630 omnium
508 2589 583 2648 quae
604 2569 706 2630 videro
728 2569 790 2629 fieri
811 2569 865 2629 sub
887 2569 1025 2645 Phoebo;

357 2681 478 2742 vitiosus
501 2681 526 2742 si
549 2680 665 2760 quidem
686 2681 758 2742 vitia
780 2679 893 2756 delebo,

357 2813 462 2854 munus
484 2799 512 2852 et
534 2772 658 2852 officium
679 2793 722 2852 nil
743 2792 872 2852 scribens
893 2792 958 2873 ipss
979 2792 1100 2854 docebo.

399 2903 486 2964 Dicta
506 2902 561 2962 fuit
582 2923 669 2962 aurea
690 2904 750 2963 vita
771 2903 965 2982 pristinorum,

357 3016 425 3096 quia
446 3035 500 3075 neo
522 3015 652 3075 Simonia
672 3013 845 3074 vendicabat
867 3015 994 3090 chorum,

273 3131 312 3188 15
356 3146 410 3188 use
431 3127 593 3208 regnabant
614 3126 781 3202 schismata3
804 3125 857 3186 sod
877 3125 909 3188 vi
930 3126 1135 3190 modernorum

356 3239 530 3301 effodiuntur
551 3259 622 3318 opes
644 3239 819 3300 irritamenta
840 3239 991 3299 malorum.

398 3353 473 3412 Eece
495 3371 587 3431 papas
608 3349 741 3429 geminos
763 3350 925 3410 instruxere
946 3369 1040 3428 reges,

356 3461 409 3524 sed
430 3461 477 3523 cui
498 3461 656 3522 adhaereas
678 3459 773 3521 nescis
794 3460 843 3522 vol
865 3481 950 3540 quem
971 3481 1076 3540 neges;

355 3574 508 3653 utrobique
528 3573 654 3654 pullulat
672 3572 809 3633 vitiorum
831 3592 925 3652 seges,

271 3687 313 3745 20
357 3683 436 3769 [uu]
459 3685 565 3746 missae
586 3691 709 3766 pereunt
729 3683 810 3746 nullo
834 3683 997 3745 discrimine
1018 3684 1109 3765 leges.

350 3891 368 3940 4
402 3888 684 3956 virg.1ool.vfl1,21.
757 3943 760 3952 ,

351 4009 369 4058 8
402 4009 475 4061 Pers.
485 4008 538 4060 Sea
548 4009 614 4076 prol.
634 4012 657 4059 1.

337 4129 369 4179 16
403 4125 479 4181 Ovici
488 4127 595 4180 Metam.
613 4128 704 4192 1,140.
