3194 5014
774 381 926 486 Α,

358 578 399 634 45
487 573 581 635 Probi
604 573 629 635 ei
650 572 742 636 scires
764 580 873 652 quauta.
893 574 930 634 ait
951 573 1063 639 vanitas
1084 573 1290 650 olomundum,

444 706 531 766 quam
552 684 651 758 durae,
675 703 762 764 quam
783 684 914 764 dispares
935 684 1012 746 vitae
1033 686 1279 765 praecedentium

444 797 516 858 ordo
538 796 636 861 multia
657 795 807 858 monachia
828 796 948 858 vertitur
968 797 999 858 in
1019 797 1155 873 taedium,

443 916 472 970 et
492 907 550 968 iam
572 907 631 968 fere
653 906 756 968 caritas
777 906 937 986 refrigescit
959 907 1096 970 omnium.

487 1019 647 1080 Oceuobita
667 1018 791 1098 quilibet
809 1018 883 1082 vivit
904 1018 1070 1094 diuorum,

358 1133 401 1192 50
443 1130 559 1204 effrona,
581 1150 635 1192 nae
657 1129 715 1192 iam
736 1130 864 1210 loquitur
885 1129 977 1210 signia
999 1137 1049 1192 aut
1069 1150 1122 1211 per
1142 1139 1243 1208 mum

359 1315 362 1322 Α
442 1261 510 1306 uam
532 1243 563 1304 iu
585 1241 726 1316 clamabis,
747 1242 797 1304 ubi
818 1261 892 1322 grex
914 1243 1000 1304 debet
1021 1262 1085 1304 caea
1106 1250 1210 1318 mutua,

441 1353 551 1416 vivitur
571 1373 609 1414 ax
629 1359 721 1434 rapto,
745 1373 805 1418 uon
826 1354 933 1432 hospca
955 1354 993 1414 ab
1014 1353 1127 1434 hospite
1148 1361 1235 1418 tutua

485 1464 554 1528 Jam
575 1464 642 1544 plue
665 1483 758 1544 aequo
781 1465 886 1544 satagit
907 1465 1023 1526 Martha
1044 1466 1106 1526 aive
1129 1466 1202 1546 Lya,

442 1576 538 1638 minua
561 1595 654 1655 aequo
676 1575 775 1638 nititur
795 1577 906 1638 Rachel
929 1585 957 1638 at
978 1577 1087 1651 Maria3

358 1690 398 1748 55
441 1689 523 1748 nulla
544 1694 653 1768 partem
674 1688 758 1768 eligit
777 1687 935 1762 meliorem,
959 1689 1027 1768 quia

442 1799 555 1861 ieiunae
577 1799 713 1862 deficiunt
733 1800 840 1879 pariter
860 1800 891 1860 in
912 1801 969 1862 via

486 1911 559 1988 Quis
581 1932 658 1974 nunc
680 1911 804 1974 imitatur
825 1918 869 1972 cst
890 1912 968 1974 illius
990 1911 1145 1985 Johmnia,

442 2023 525 2121 cuiue
547 2030 608 2086 crat
628 2024 753 2103 tegimen
776 2023 903 2084 camelus
923 2044 978 2104 pru
999 2023 1115 2103 pannis,

441 2137 558 2216 epulum
580 2135 711 2198 silvestre
732 2136 798 2210 mel,
822 2135 904 2196 cuiue
925 2142 1011 2215 pctus
1033 2134 1147 2196 armis?

357 2250 399 2308 60
442 2247 608 2308 Laudamus
630 2255 743 2310 vetares
765 2247 817 2308 sed
838 2247 945 2308 nustria
967 2247 1073 2308 utimur
1094 2247 1188 2308 annia.

486 2359 588 2418 Glerue
610 2359 660 2436 qui
682 2377 745 2419 sora
767 2358 888 2418 Domini
909 2359 1008 2418 vocari
1029 2357 1155 2432 deberet,

441 2470 488 2530 hio
511 2476 554 2530 cat
575 2470 621 2530 cui
642 2469 797 2549 praecipue
819 2468 929 2530 fraudis
950 2468 1017 2530 faex
1039 2469 1188 2545 adbaeret3

410 2655 417 2666 x
441 2603 501 2660 vor
524 2601 595 2661 ergo
616 2581 786 2663 prophetica
806 2580 902 2642 locum
924 2601 1001 2642 nunc
1022 2581 1155 2644 haberet:

442 2692 535 2754 Omne
557 2700 643 2772 caput
663 2692 835 2773 languidum
857 2699 885 2754 ct
907 2713 991 2754 omne
1014 2713 1065 2756 cor
1085 2702 1202 2756 maeret.

357 2808 398 2866 65
486 2805 544 2882 Qui
566 2812 634 2867 suut
654 2804 705 2884 qui
726 2805 887 2866 Ecclesiam
909 2805 1039 2868 venduut
1060 2812 1089 2866 et
1109 2805 1308 2886 praedantur?
1428 2837 1431 2843 ·

442 2917 492 2998 qui
514 2923 581 2978 aunt
602 2917 770 2980 fornicarii?
792 2919 843 2998 qui
865 2925 932 2980 aunt
953 2918 1003 2998 qui
1024 2919 1231 2980 moechantur?

441 3030 491 3110 qui
513 3036 644 3092 naturam
665 3030 846 3092 transvolant
867 3035 896 3090 ct
916 3029 1139 3090 abominantur?
1313 3085 1320 3095 .

418 3161 421 3166 ’
441 3141 492 3221 qui
513 3147 581 3202 eunt
601 3141 654 3202 hi?
676 3140 783 3215 clerici,
805 3161 843 3201 ne
864 3141 953 3220 longo
974 3117 1110 3221 exempla
1130 3147 1273 3222 petuntur.

483 3253 632 3314 Clamabat
653 3251 813 3334 decalogus
833 3271 873 3314 nc
893 3252 959 3332 quir
979 3241 1131 3333 peieraret,
1254 3249 1255 3252 ’

356 3367 398 3426 70
440 3364 565 3445 nequis
587 3363 759 3426 adudterium
780 3364 922 3428 furtumve
944 3371 1077 3448 patraret,

338 3666 587 3676 -—-————

419 3843 454 3896 tn
489 3841 567 3896 Ouid.
584 3841 692 3895 Metam.
709 3841 731 3906 Ι,
750 3842 809 3894 144.

419 3999 454 4050 60
487 3995 565 4050 Ouid.
583 3997 656 4049 Faat.
673 3996 695 4062 Ι,
713 3998 756 4061 22,
773 3997 797 4048 5.

420 4154 454 4202 64
487 4151 593 4204 Jeeaiaa
609 4151 631 4216 1,
650 4151 674 4202 5.
