3194 5014
809 433 853 500 20

380 633 421 692 25
507 631 614 691 Manus
637 627 749 710 speruit
771 633 879 690 secreta
901 625 1049 700 dexteram

469 763 592 823 cumque
613 761 821 823 prospexeram
843 741 984 821 coepique
1005 739 1113 818 legere,

467 856 636 936 inscriptum
656 853 751 935 reperi
772 853 853 914 lusco
876 853 1052 911 charactere:

469 967 551 1048 „dux
573 987 628 1048 ego
650 965 786 1047 praevius
808 971 836 1026 et
855 973 886 1026 tu
908 985 955 1024 me
975 963 1127 1046 sequere“.

511 1075 575 1141 Cito
596 1079 773 1160 praelabitur
795 1098 881 1158 quem
903 1076 986 1156 sequi
1008 1093 1168 1156 coeperam,

378 1193 420 1255 30
463 1198 492 1254 et
513 1191 589 1253 dicto
612 1191 695 1252 citius
717 1191 748 1252 in
770 1197 875 1252 terram
897 1190 1015 1250 alteram

467 1303 554 1364 simul
575 1303 766 1380 devolvimur,
791 1322 848 1382 qua
869 1302 959 1364 multa
980 1299 1110 1362 viderem

393 1421 397 1430 “
467 1415 542 1476 inter
562 1414 699 1495 prodigia
719 1415 835 1495 plebem
856 1414 1046 1474 innumeram.

509 1527 589 1588 Dum
609 1526 699 1587 miror
720 1527 825 1588 dubius
848 1545 923 1606 quae
945 1524 1003 1586 sint
1022 1527 1094 1586 haec
1116 1519 1241 1602 agmina,

465 1659 519 1721 per
540 1639 649 1700 frontes
671 1637 803 1718 singulas
824 1637 978 1700 traducens
999 1635 1119 1710 lumina,

376 1753 417 1812 35
460 1751 522 1812 vidi
545 1751 739 1831 quorumlibet
758 1751 897 1831 inscripta
916 1749 1045 1825 nomina,

465 1870 611 1942 tamquam
631 1863 663 1923 in
683 1863 765 1924 silice
786 1865 835 1924 vel
856 1863 967 1944 plumbi
989 1862 1105 1923 lamina.

509 1975 568 2036 Hic
588 1975 755 2037 Priscianus
779 1983 821 2036 eet
842 1974 1042 2055 dana-palmis
1063 1971 1193 2045 verbera,

466 2095 510 2149 est
530 2087 702 2150 Aristoteles
724 2087 881 2151 verberans
903 2093 985 2163 adra,

466 2199 621 2262 verborum
642 2200 757 2262 Tullius
779 2201 921 2262 demulcet
943 2217 1059 2280 aspera3

376 2313 419 2371 40
462 2309 517 2372 fert
537 2312 721 2373 Ptolemaeus
744 2332 776 2373 se
797 2319 888 2372 totum
910 2313 941 2372 in
962 2312 1070 2372 sidere.

509 2425 624 2484 'Ibaotat
645 2424 786 2485 Boethius
807 2423 1012 2498 numerabilia3

465 2535 579 2596 metitur
600 2536 737 2598 Euclides
759 2536 889 2598 locorum
910 2534 1016 2617 spatia3

465 2648 601 2728 frequens
622 2649 806 2728 Pythagoras
828 2649 904 2710 circa
924 2647 1039 2725 fabrilia

464 2761 551 2820 trahit
571 2781 589 2821 e
609 2761 722 2822 melleis
745 2781 849 2822 vocum
870 2759 1037 2842 primordie.

375 2873 418 2932 45
504 2873 656 2935 Lucanum
676 2873 763 2936 video
787 2873 889 2936 ducem
911 2872 1090 2946 bellantium,

464 2983 635 3048 formantem
657 3005 756 3048 aereas
777 3007 891 3050 muscas
913 2985 1079 3065 Virgilium,

464 3104 629 3178 poscentem
651 3099 755 3159 fabulis
777 3099 877 3159 turbas
900 3095 1045 3170 Ovidium,

464 3209 622 3272 nudantem
643 3217 756 3289 satyros
778 3207 891 3270 dicaces
913 3207 1054 3269 Persium.

509 3321 748 3403 incomparabilis
772 3329 814 3383 est
836 3327 925 3384 status
946 3320 1046 3396 Statio,

375 3435 417 3494 50
460 3433 542 3496 cuius
564 3434 686 3496 detinuit
707 3434 873 3516 (deleniiti)
895 3454 942 3496 res
965 3429 1154 3513 comparatio;
1177 3427 1218 3510 (l)

390 3553 395 3575 ²
465 3547 551 3607 saltat
571 3545 724 3608 Terentius
744 3547 877 3627 plebeius
898 3546 1014 3619 histri03

464 3664 592 3739 agrestes
614 3659 780 3740 Hippocras
801 3665 882 3738 potet
902 3655 1057 3718 absinthio.

507 3771 587 3831 Dum
608 3771 692 3851 vulgi
713 3791 818 3832 censeo
840 3777 939 3851 gestus
961 3767 1113 3842 innumeri,

464 3881 584 3944 accessit
605 3883 727 3964 angelus
749 3883 935 3965 praefulgens
958 3881 1055 3958 sideri,
1116 3911 1121 3917 ·

395 4122 430 4178 ss
464 4123 559 4180 uerat.
576 4125 633 4179 ne.
651 4127 722 4198 poet.
740 4097 879 4179 manae
