3194 5014
523 1176 578 1262 De
605 1176 769 1271 statibus
795 1175 936 1248 mundi.

401 1347 406 1362 ·
473 1327 589 1396 [Wright
606 1343 632 1393 p.
645 1328 707 1391 1523
725 1328 769 1378 Du
786 1326 864 1378 Meri]
882 1343 908 1394 p.
919 1325 987 1392 155.]

366 1482 485 1570 Missus
507 1529 571 1569 sum
592 1509 624 1570 iu
645 1509 761 1569 vineam
783 1510 859 1570 cirea
881 1511 983 1569 horam
1004 1527 1125 1584 nonam3

211 1677 213 1680 ,
321 1639 403 1680 suam
423 1620 547 1699 quisque
569 1617 669 1678 nititur
689 1619 817 1680 vendere
838 1639 1007 1698 personam;

323 1751 393 1810 crgo
417 1730 485 1809 quia
506 1729 644 1789 cursitant
665 1746 766 1790 omnes
788 1731 826 1790 ad
848 1749 1001 1790 coronam:

323 1861 437 1921 semper
457 1861 513 1920 ego
536 1841 650 1900 auditor
670 1849 789 1915 tentum,
812 1861 1007 1919 numquamne
1027 1843 1188 1920 reponam?

368 1953 492 2029 Quando
515 1953 596 2012 cibus
618 1953 713 2012 deficit
734 1953 884 2014 animabus
907 1954 1007 2026 brutis,

324 2064 481 2145 mugiendo
503 2065 652 2143 postulent
673 2065 777 2138 eibum,
802 2084 883 2145 spem
904 2064 1021 2138 salutis3

325 2176 378 2235 sed
399 2183 443 2235 est
463 2175 535 2234 mihi
555 2193 696 2234 resonans
717 2175 838 2235 vocibus
861 2175 970 2254 argutis
1056 2185 1061 2192 '

324 2286 419 2348 fistula
441 2286 606 2367 disparibus
628 2294 739 2368 septem
761 2293 910 2366 compacta
931 2286 1041 2347 cicutis.

368 2398 462 2458 Pestis
484 2398 707 2458 bacchanalibus
729 2399 868 2458 interesse
888 2398 1023 2458 minimus

326 2511 405 2582 volo,
430 2509 498 2588 quia
519 2529 633 2588 nequeo
656 2529 788 2588 magnus,
814 2511 914 2582 maior,
936 2509 1093 2587 maximum

327 2621 467 2700 derogare
489 2620 566 2680 vitiis
588 2621 722 2681 omnibus
745 2627 788 2680 est
810 2621 932 2695 animus,

316 2739 356 2791 et
376 2752 431 2792 nos
453 2751 524 2810 ergo
546 2751 663 2792 manum
684 2733 794 2792 ferulae
816 2731 1016 2792 subduximus.
1117 2751 1120 2756 ·

370 2843 443 2902 Cum
464 2842 580 2902 videam
601 2843 742 2923 reprobos
765 2844 870 2922 opibus
891 2844 1041 2916 nitescere,

327 2953 470 3034 dominari
491 2953 571 3026 vitia,
594 2955 713 3013 virtutes
736 2955 931 3028 succumbere,

244 3067 283 3123 15
326 3063 468 3144 vilipendi
489 3065 619 3140 feminas,
643 3065 722 3125 viros
745 3073 810 3125 anre
832 3067 951 3138 nubere,

328 3175 444 3236 difficile
465 3176 551 3236 nobis
573 3184 616 3237 est
637 3177 754 3237 satiram
775 3197 835 3238 non
857 3177 993 3238 scribere.

370 3288 495 3368 Spargat
515 3309 586 3368 ergo
608 3288 738 3368 primitus
760 3309 814 3349 sua
836 3289 900 3350 olio
922 3289 1017 3348 iacula

328 3399 359 3458 in
380 3399 457 3473 illos,
480 3419 555 3478 quos
577 3401 670 3478 operit
691 3401 844 3479 pastoralis
867 3399 972 3473 infula3

325 3727 343 3775 4
376 3725 611 3789 accenderer
632 3727 655 3777 1.

326 3845 343 3894 8
377 3844 452 3912 Virg.
469 3843 526 3896 Eeb
544 3845 624 3909 1‚36.

310 3966 342 4015 12
377 3963 574 4028 Juven.1,15.

310 4085 342 4141 16
376 4083 473 4138 deren.
491 4083 513 4150 1,
531 4083 573 4138 30.
