<?xml version="1.0" encoding="UTF-8"?>
<!DOCTYPE html PUBLIC "-//W3C//DTD XHTML 1.0 Transitional//EN"
    "http://www.w3.org/TR/xhtml1/DTD/xhtml1-transitional.dtd">
<html xmlns="http://www.w3.org/1999/xhtml" xml:lang="en" lang="en">
 <head>
  <title>
</title>
<meta http-equiv="Content-Type" content="text/html;charset=utf-8" />
  <meta name='ocr-system' content='tesseract 3.04.00' />
  <meta name='ocr-capabilities' content='ocr_page ocr_carea ocr_par ocr_line ocrx_word'/>
</head>
<body>
  <div class='ocr_page' id='page_1' title='image "./diezehngedichte00waltgoog_0020.png"; bbox 0 0 3194 5014; ppageno 0'>
   <div class='ocr_carea' id='block_1_1' title="bbox 670 428 823 534">
    <p class='ocr_par' dir='ltr' id='par_1_1' title="bbox 670 428 823 534">
     <span class='ocr_line' id='line_1_1' title="bbox 670 428 823 534; baseline 0 -42"><span class='ocrx_word' id='word_1_1' title='bbox 670 428 823 534; x_wconf 46' lang='lat' dir='ltr'><strong>„ffi-</strong></span> 
     </span>
    </p>
   </div>
   <div class='ocr_carea' id='block_1_2' title="bbox 251 620 1241 2035">
    <p class='ocr_par' dir='ltr' id='par_1_2' title="bbox 251 620 1241 2035">
     <span class='ocr_line' id='line_1_2' title="bbox 335 620 950 702; baseline 0.003 -20"><span class='ocrx_word' id='word_1_2' title='bbox 335 626 415 684; x_wconf 80' lang='lat' dir='ltr'><strong>tous</strong></span> <span class='ocrx_word' id='word_1_3' title='bbox 436 627 521 683; x_wconf 88' lang='lat' dir='ltr'><strong>vaoat</strong></span> <span class='ocrx_word' id='word_1_4' title='bbox 541 620 664 702; x_wconf 89' lang='lat' dir='ltr'><strong>pooulis,</strong></span> <span class='ocrx_word' id='word_1_5' title='bbox 687 627 764 682; x_wconf 86' lang='lat' dir='ltr'><strong>totus</strong></span> <span class='ocrx_word' id='word_1_6' title='bbox 785 621 860 681; x_wconf 81' lang='lat' dir='ltr'><strong>lueri</strong></span> <span class='ocrx_word' id='word_1_7' title='bbox 881 626 950 684; x_wconf 87' lang='lat' dir='ltr'><strong>voto</strong></span> 
     </span>
     <span class='ocr_line' id='line_1_3' title="bbox 252 731 1012 794; baseline -0.003 0"><span class='ocrx_word' id='word_1_8' title='bbox 252 735 295 794; x_wconf 82' lang='lat'><strong>20</strong></span> <span class='ocrx_word' id='word_1_9' title='bbox 336 739 448 794; x_wconf 75' lang='lat' dir='ltr'><strong>aestuat</strong></span> <span class='ocrx_word' id='word_1_10' title='bbox 469 739 497 793; x_wconf 79' lang='lat' dir='ltr'><strong>et</strong></span> <span class='ocrx_word' id='word_1_11' title='bbox 517 731 593 794; x_wconf 79' lang='lat' dir='ltr'><strong>vitae</strong></span> <span class='ocrx_word' id='word_1_12' title='bbox 615 731 799 794; x_wconf 77' lang='lat' dir='ltr'><strong>disconvenit</strong></span> <span class='ocrx_word' id='word_1_13' title='bbox 820 732 921 794; x_wconf 78' lang='lat' dir='ltr'>ordine</span> <span class='ocrx_word' id='word_1_14' title='bbox 942 739 1012 794; x_wconf 91' lang='lat' dir='ltr'><strong>toto.</strong></span> 
     </span>
     <span class='ocr_line' id='line_1_4' title="bbox 379 843 1057 924; baseline 0 -18"><span class='ocrx_word' id='word_1_15' title='bbox 379 845 462 906; x_wconf 81' lang='lat' dir='ltr'><strong>Heni</strong></span> <span class='ocrx_word' id='word_1_16' title='bbox 485 843 565 923; x_wconf 86' lang='lat' dir='ltr'><strong>qnod</strong></span> <span class='ocrx_word' id='word_1_17' title='bbox 586 843 732 924; x_wconf 84' lang='lat' dir='ltr'><strong>nugatorii</strong></span> <span class='ocrx_word' id='word_1_18' title='bbox 752 844 904 924; x_wconf 75' lang='lat' dir='ltr'><strong>praesules</strong></span> <span class='ocrx_word' id='word_1_19' title='bbox 923 844 1057 908; x_wconf 86' lang='lat' dir='ltr'><strong>moderni</strong></span> 
     </span>
     <span class='ocr_line' id='line_1_5' title="bbox 337 954 954 1036; baseline 0 -20"><span class='ocrx_word' id='word_1_20' title='bbox 337 954 396 1016; x_wconf 80' lang='lat' dir='ltr'><strong>diei</strong></span> <span class='ocrx_word' id='word_1_21' title='bbox 417 954 524 1018; x_wconf 88' lang='lat' dir='ltr'><strong>debent</strong></span> <span class='ocrx_word' id='word_1_22' title='bbox 543 955 641 1036; x_wconf 86' lang='lat' dir='ltr'><strong>potius</strong></span> <span class='ocrx_word' id='word_1_23' title='bbox 662 955 811 1035; x_wconf 76' lang='lat' dir='ltr'><strong>praesides</strong></span> <span class='ocrx_word' id='word_1_24' title='bbox 832 955 954 1032; x_wconf 82' lang='lat' dir='ltr'><strong>Averni,</strong></span> 
     </span>
     <span class='ocr_line' id='line_1_6' title="bbox 336 1065 942 1148; baseline 0.002 -20"><span class='ocrx_word' id='word_1_25' title='bbox 336 1068 386 1128; x_wconf 86' lang='lat' dir='ltr'><strong>vel</strong></span> <span class='ocrx_word' id='word_1_26' title='bbox 407 1073 551 1148; x_wconf 82' lang='lat' dir='ltr'><strong>spretores</strong></span> <span class='ocrx_word' id='word_1_27' title='bbox 572 1066 677 1127; x_wconf 90' lang='lat' dir='ltr'><strong>melius</strong></span> <span class='ocrx_word' id='word_1_28' title='bbox 698 1065 802 1128; x_wconf 85' lang='lat' dir='ltr'><strong>indiois</strong></span> <span class='ocrx_word' id='word_1_29' title='bbox 824 1066 942 1142; x_wconf 72' lang='lat' dir='ltr'><strong>aeterni</strong></span> 
     </span>
     <span class='ocr_line' id='line_1_7' title="bbox 335 1177 1003 1261; baseline -0.003 -20"><span class='ocrx_word' id='word_1_30' title='bbox 335 1185 453 1261; x_wconf 88' lang='lat' dir='ltr'><strong>potores</strong></span> <span class='ocrx_word' id='word_1_31' title='bbox 474 1177 568 1240; x_wconf 89' lang='lat' dir='ltr'><strong>bibuli</strong></span> <span class='ocrx_word' id='word_1_32' title='bbox 589 1178 686 1240; x_wconf 84' lang='lat' dir='ltr'><strong>medie</strong></span> <span class='ocrx_word' id='word_1_33' title='bbox 706 1178 743 1238; x_wconf 90' lang='lat' dir='ltr'><strong>de</strong></span> <span class='ocrx_word' id='word_1_34' title='bbox 768 1185 854 1240; x_wconf 82' lang='lat' dir='ltr'><strong>noeto</strong></span> <span class='ocrx_word' id='word_1_35' title='bbox 875 1178 1003 1240; x_wconf 73' lang='lat' dir='ltr'><strong>Falerni.</strong></span> 
     </span>
     <span class='ocr_line' id='line_1_8' title="bbox 253 1289 1241 1373; baseline 0.003 -22"><span class='ocrx_word' id='word_1_36' title='bbox 253 1293 293 1351; x_wconf 81' lang='lat'><strong>25</strong></span> <span class='ocrx_word' id='word_1_37' title='bbox 379 1291 437 1352; x_wconf 88' lang='lat' dir='ltr'><strong>Dio</strong></span> <span class='ocrx_word' id='word_1_38' title='bbox 458 1309 544 1370; x_wconf 87' lang='lat' dir='ltr'><strong>papa,</strong></span> <span class='ocrx_word' id='word_1_39' title='bbox 567 1289 615 1349; x_wconf 87' lang='lat' dir='ltr'><strong>dio</strong></span> <span class='ocrx_word' id='word_1_40' title='bbox 635 1289 777 1369; x_wconf 75' lang='lat' dir='ltr'><strong>pontifex,</strong></span> <span class='ocrx_word' id='word_1_41' title='bbox 805 1310 873 1371; x_wconf 89' lang='lat' dir='ltr'><strong>spes</strong></span> <span class='ocrx_word' id='word_1_42' title='bbox 896 1290 1006 1371; x_wconf 84' lang='lat' dir='ltr'><strong>sponsi,</strong></span> <span class='ocrx_word' id='word_1_43' title='bbox 1029 1309 1155 1373; x_wconf 84' lang='lat' dir='ltr'><strong>sponsae</strong></span> <span class='ocrx_word' id='word_1_44' title='bbox 1176 1291 1241 1370; x_wconf 87' lang='lat' dir='ltr'><strong>dos,</strong></span> 
     </span>
     <span class='ocr_line' id='line_1_9' title="bbox 337 1399 1047 1481; baseline 0.003 -19"><span class='ocrx_word' id='word_1_45' title='bbox 337 1421 389 1462; x_wconf 87' lang='lat' dir='ltr'><strong>our</strong></span> <span class='ocrx_word' id='word_1_46' title='bbox 410 1421 506 1462; x_wconf 87' lang='lat' dir='ltr'><strong>mores</strong></span> <span class='ocrx_word' id='word_1_47' title='bbox 527 1399 679 1481; x_wconf 80' lang='lat' dir='ltr'><strong>redarguis</strong></span> <span class='ocrx_word' id='word_1_48' title='bbox 701 1408 730 1462; x_wconf 88' lang='lat' dir='ltr'><strong>et</strong></span> <span class='ocrx_word' id='word_1_49' title='bbox 752 1421 900 1464; x_wconf 85' lang='lat' dir='ltr'><strong>sermones</strong></span> <span class='ocrx_word' id='word_1_50' title='bbox 921 1401 1047 1464; x_wconf 76' lang='lat' dir='ltr'><strong>foedos?</strong></span> 
     </span>
     <span class='ocr_line' id='line_1_10' title="bbox 336 1506 1108 1595; baseline 0.006 -22"><span class='ocrx_word' id='word_1_51' title='bbox 336 1534 402 1584; x_wconf 89' lang='lat' dir='ltr'><strong>oum</strong></span> <span class='ocrx_word' id='word_1_52' title='bbox 424 1513 464 1574; x_wconf 90' lang='lat' dir='ltr'><strong>sis</strong></span> <span class='ocrx_word' id='word_1_53' title='bbox 485 1513 569 1595; x_wconf 90' lang='lat' dir='ltr'><strong>peior</strong></span> <span class='ocrx_word' id='word_1_54' title='bbox 586 1506 733 1594; x_wconf 87' lang='lat' dir='ltr'><strong>pessimis,</strong></span> <span class='ocrx_word' id='word_1_55' title='bbox 756 1513 869 1575; x_wconf 87' lang='lat' dir='ltr'><strong>hoedus</strong></span> <span class='ocrx_word' id='word_1_56' title='bbox 891 1514 967 1575; x_wconf 88' lang='lat' dir='ltr'><strong>inter</strong></span> <span class='ocrx_word' id='word_1_57' title='bbox 986 1514 1108 1593; x_wconf 85' lang='lat' dir='ltr'><strong>hoedos,</strong></span> 
     </span>
     <span class='ocr_line' id='line_1_11' title="bbox 337 1623 1069 1717; baseline 0.003 -33"><span class='ocrx_word' id='word_1_58' title='bbox 337 1623 412 1685; x_wconf 87' lang='lat' dir='ltr'><strong>inter</strong></span> <span class='ocrx_word' id='word_1_59' title='bbox 433 1623 596 1686; x_wconf 82' lang='lat' dir='ltr'><strong>Socraticos</strong></span> <span class='ocrx_word' id='word_1_60' title='bbox 617 1625 768 1686; x_wconf 84' lang='lat' dir='ltr'><strong>notissima</strong></span> <span class='ocrx_word' id='word_1_61' title='bbox 788 1625 869 1687; x_wconf 89' lang='lat' dir='ltr'><strong>fossa</strong></span> <span class='ocrx_word' id='word_1_62' title='bbox 890 1626 1038 1688; x_wconf 88' lang='lat' dir='ltr'><strong>oinaedos.</strong></span> <span class='ocrx_word' id='word_1_63' title='bbox 1065 1705 1069 1717; x_wconf 55' lang='lat'><strong>,</strong></span> 
     </span>
     <span class='ocr_line' id='line_1_12' title="bbox 377 1736 1044 1818; baseline 0 -20"><span class='ocrx_word' id='word_1_64' title='bbox 377 1739 473 1798; x_wconf 88' lang='lat' dir='ltr'><strong>Roma</strong></span> <span class='ocrx_word' id='word_1_65' title='bbox 494 1736 568 1798; x_wconf 89' lang='lat' dir='ltr'><strong>datis</strong></span> <span class='ocrx_word' id='word_1_66' title='bbox 590 1737 695 1818; x_wconf 87' lang='lat' dir='ltr'><strong>opibus</strong></span> <span class='ocrx_word' id='word_1_67' title='bbox 717 1737 749 1797; x_wconf 92' lang='lat' dir='ltr'><strong>in</strong></span> <span class='ocrx_word' id='word_1_68' title='bbox 770 1744 911 1798; x_wconf 89' lang='lat' dir='ltr'><strong>tumorem</strong></span> <span class='ocrx_word' id='word_1_69' title='bbox 933 1737 1044 1814; x_wconf 85' lang='lat' dir='ltr'><strong>eresoit,</strong></span> 
     </span>
     <span class='ocr_line' id='line_1_13' title="bbox 251 1848 1008 1930; baseline 0.001 -21"><span class='ocrx_word' id='word_1_70' title='bbox 251 1851 293 1909; x_wconf 89' lang='grc'><strong>30</strong></span> <span class='ocrx_word' id='word_1_71' title='bbox 335 1856 364 1910; x_wconf 87' lang='lat' dir='ltr'><strong>et</strong></span> <span class='ocrx_word' id='word_1_72' title='bbox 386 1869 444 1928; x_wconf 89' lang='lat' dir='ltr'><strong>quo</strong></span> <span class='ocrx_word' id='word_1_73' title='bbox 465 1849 532 1928; x_wconf 89' lang='lat' dir='ltr'><strong>plus</strong></span> <span class='ocrx_word' id='word_1_74' title='bbox 554 1848 695 1910; x_wconf 89' lang='lat' dir='ltr'><strong>infuderis</strong></span> <span class='ocrx_word' id='word_1_75' title='bbox 716 1848 811 1930; x_wconf 82' lang='lat' dir='ltr'><strong>magis</strong></span> <span class='ocrx_word' id='word_1_76' title='bbox 832 1849 1008 1926; x_wconf 79' lang='lat' dir='ltr'><strong>intrnnesoit3</strong></span> 
     </span>
     <span class='ocr_line' id='line_1_14' title="bbox 334 1959 942 2035; baseline -0.002 -14"><span class='ocrx_word' id='word_1_77' title='bbox 334 1980 402 2021; x_wconf 85' lang='lat' dir='ltr'><strong>nem</strong></span> <span class='ocrx_word' id='word_1_78' title='bbox 424 1959 498 2020; x_wconf 87' lang='lat' dir='ltr'><strong>sient</strong></span> <span class='ocrx_word' id='word_1_79' title='bbox 519 1961 635 2021; x_wconf 79' lang='lat' dir='ltr'><strong>Horatii</strong></span> <span class='ocrx_word' id='word_1_80' title='bbox 655 1981 758 2023; x_wconf 84' lang='lat' dir='ltr'><strong>versus</strong></span> <span class='ocrx_word' id='word_1_81' title='bbox 779 1961 942 2035; x_wconf 81' lang='lat' dir='ltr'><strong>innotesoit,</strong></span> 
     </span>
    </p>
   </div>
   <div class='ocr_carea' id='block_1_3' title="bbox 1128 1015 1134 1047">
    <p class='ocr_par' dir='ltr' id='par_1_3' title="bbox 1128 1015 1134 1047">
     <span class='ocr_line' id='line_1_15' title="bbox 1128 1015 1134 1047; baseline 0 0"><span class='ocrx_word' id='word_1_82' title='bbox 1128 1015 1134 1047; x_wconf 77' lang='lat' dir='ltr'><strong>t</strong></span> 
     </span>
    </p>
   </div>
   <div class='ocr_carea' id='block_1_4' title="bbox 246 2059 1228 3491">
    <p class='ocr_par' dir='ltr' id='par_1_4' title="bbox 336 2059 1228 2152">
     <span class='ocr_line' id='line_1_16' title="bbox 336 2059 1228 2152; baseline 0.003 -19"><span class='ocrx_word' id='word_1_83' title='bbox 336 2071 479 2133; x_wconf 86' lang='lat' dir='ltr'><strong>sincerum</strong></span> <span class='ocrx_word' id='word_1_84' title='bbox 500 2079 544 2133; x_wconf 87' lang='lat' dir='ltr'><strong>est</strong></span> <span class='ocrx_word' id='word_1_85' title='bbox 564 2073 622 2134; x_wconf 89' lang='lat' dir='ltr'><strong>nisi</strong></span> <span class='ocrx_word' id='word_1_86' title='bbox 643 2093 706 2148; x_wconf 84' lang='lat' dir='ltr'><strong>vas,</strong></span> <span class='ocrx_word' id='word_1_87' title='bbox 730 2073 930 2152; x_wconf 81' lang='lat' dir='ltr'><strong>quodcumque</strong></span> <span class='ocrx_word' id='word_1_88' title='bbox 952 2059 1090 2150; x_wconf 81' lang='lat' dir='ltr'><strong>infundis,</strong></span> <span class='ocrx_word' id='word_1_89' title='bbox 1114 2074 1228 2136; x_wconf 87' lang='lat' dir='ltr'><strong>aoesoit.</strong></span> 
     </span>
    </p>

    <p class='ocr_par' dir='ltr' id='par_1_5' title="bbox 376 2184 1051 2265">
     <span class='ocr_line' id='line_1_17' title="bbox 376 2184 1051 2265; baseline 0 -21"><span class='ocrx_word' id='word_1_90' title='bbox 376 2185 473 2245; x_wconf 87' lang='lat' dir='ltr'><strong>Roma</strong></span> <span class='ocrx_word' id='word_1_91' title='bbox 493 2184 582 2245; x_wconf 82' lang='lat' dir='ltr'><strong>solvit</strong></span> <span class='ocrx_word' id='word_1_92' title='bbox 602 2185 717 2265; x_wconf 86' lang='lat' dir='ltr'><strong>nuptias</strong></span> <span class='ocrx_word' id='word_1_93' title='bbox 740 2191 841 2244; x_wconf 86' lang='lat' dir='ltr'><strong>eontra</strong></span> <span class='ocrx_word' id='word_1_94' title='bbox 861 2190 963 2244; x_wconf 90' lang='lat' dir='ltr'><strong>nutum</strong></span> <span class='ocrx_word' id='word_1_95' title='bbox 983 2184 1051 2262; x_wconf 90' lang='lat' dir='ltr'><strong>Dei,</strong></span> 
     </span>
    </p>

    <p class='ocr_par' dir='ltr' id='par_1_6' title="bbox 248 2293 1069 2595">
     <span class='ocr_line' id='line_1_18' title="bbox 314 2293 953 2376; baseline -0.003 -19"><span class='ocrx_word' id='word_1_96' title='bbox 314 2293 472 2376; x_wconf 70' lang='lat' dir='ltr'><strong>perverse</strong></span> <span class='ocrx_word' id='word_1_97' title='bbox 493 2295 639 2371; x_wconf 81' lang='lat' dir='ltr'><strong>iudicium,</strong></span> <span class='ocrx_word' id='word_1_98' title='bbox 662 2295 742 2357; x_wconf 84' lang='lat' dir='ltr'><strong>fovet</strong></span> <span class='ocrx_word' id='word_1_99' title='bbox 763 2302 874 2376; x_wconf 74' lang='lat' dir='ltr'><strong>partem</strong></span> <span class='ocrx_word' id='word_1_100' title='bbox 895 2294 953 2371; x_wconf 88' lang='lat' dir='ltr'><strong>rei;</strong></span> 
     </span>
     <span class='ocr_line' id='line_1_19' title="bbox 248 2407 881 2488; baseline 0.002 -21"><span class='ocrx_word' id='word_1_101' title='bbox 248 2409 289 2467; x_wconf 87' lang='lat'><strong>35</strong></span> <span class='ocrx_word' id='word_1_102' title='bbox 332 2407 460 2488; x_wconf 85' lang='lat' dir='ltr'><strong>pretiosa</strong></span> <span class='ocrx_word' id='word_1_103' title='bbox 482 2407 628 2487; x_wconf 88' lang='lat' dir='ltr'><strong>quaelibet</strong></span> <span class='ocrx_word' id='word_1_104' title='bbox 648 2407 824 2468; x_wconf 84' lang='lat' dir='ltr'><strong>famulantur</strong></span> <span class='ocrx_word' id='word_1_105' title='bbox 845 2407 881 2484; x_wconf 88' lang='lat' dir='ltr'><strong>ei,</strong></span> 
     </span>
     <span class='ocr_line' id='line_1_20' title="bbox 332 2518 1069 2595; baseline 0.003 -15"><span class='ocrx_word' id='word_1_106' title='bbox 332 2519 419 2580; x_wconf 90' lang='lat' dir='ltr'><strong>India</strong></span> <span class='ocrx_word' id='word_1_107' title='bbox 440 2521 524 2580; x_wconf 87' lang='lat' dir='ltr'><strong>mittit</strong></span> <span class='ocrx_word' id='word_1_108' title='bbox 546 2521 626 2595; x_wconf 88' lang='lat' dir='ltr'><strong>ebur,</strong></span> <span class='ocrx_word' id='word_1_109' title='bbox 649 2521 753 2581; x_wconf 90' lang='lat' dir='ltr'><strong>molles</strong></span> <span class='ocrx_word' id='word_1_110' title='bbox 775 2539 829 2580; x_wconf 88' lang='lat' dir='ltr'><strong>sna</strong></span> <span class='ocrx_word' id='word_1_111' title='bbox 849 2521 935 2580; x_wconf 82' lang='lat' dir='ltr'><strong>thura</strong></span> <span class='ocrx_word' id='word_1_112' title='bbox 955 2518 1069 2582; x_wconf 76' lang='lat' dir='ltr'><strong>Sabaei.</strong></span> 
     </span>
    </p>

    <p class='ocr_par' dir='ltr' id='par_1_7' title="bbox 332 2631 1102 2935">
     <span class='ocr_line' id='line_1_21' title="bbox 375 2631 1102 2710; baseline 0.004 -19"><span class='ocrx_word' id='word_1_113' title='bbox 375 2632 471 2692; x_wconf 89' lang='lat' dir='ltr'><strong>Roma</strong></span> <span class='ocrx_word' id='word_1_114' title='bbox 491 2631 572 2692; x_wconf 86' lang='lat' dir='ltr'><strong>metit</strong></span> <span class='ocrx_word' id='word_1_115' title='bbox 593 2632 691 2692; x_wconf 84' lang='lat' dir='ltr'><strong>omnis</strong></span> <span class='ocrx_word' id='word_1_116' title='bbox 713 2631 838 2710; x_wconf 84' lang='lat' dir='ltr'><strong>quedam</strong></span> <span class='ocrx_word' id='word_1_117' title='bbox 860 2631 935 2692; x_wconf 84' lang='lat' dir='ltr'><strong>feloe</strong></span> <span class='ocrx_word' id='word_1_118' title='bbox 955 2651 1102 2709; x_wconf 77' lang='lat' dir='ltr'><strong>manuum,</strong></span> 
     </span>
     <span class='ocr_line' id='line_1_22' title="bbox 332 2741 1039 2823; baseline 0.004 -20"><span class='ocrx_word' id='word_1_119' title='bbox 332 2741 437 2823; x_wconf 84' lang='lat' dir='ltr'><strong>accipit</strong></span> <span class='ocrx_word' id='word_1_120' title='bbox 458 2743 495 2802; x_wconf 90' lang='lat' dir='ltr'><strong>ab</strong></span> <span class='ocrx_word' id='word_1_121' title='bbox 517 2744 660 2818; x_wconf 90' lang='lat' dir='ltr'><strong>omnibus,</strong></span> <span class='ocrx_word' id='word_1_122' title='bbox 684 2743 759 2804; x_wconf 93' lang='lat' dir='ltr'><strong>nulli</strong></span> <span class='ocrx_word' id='word_1_123' title='bbox 780 2741 875 2804; x_wconf 88' lang='lat' dir='ltr'><strong>reddit</strong></span> <span class='ocrx_word' id='word_1_124' title='bbox 895 2749 1039 2820; x_wconf 67' lang='lat' dir='ltr'><strong>mutuum</strong></span> 
     </span>
     <span class='ocr_line' id='line_1_23' title="bbox 332 2853 1034 2935; baseline 0.006 -21"><span class='ocrx_word' id='word_1_125' title='bbox 332 2853 370 2914; x_wconf 87' lang='lat' dir='ltr'><strong>do</strong></span> <span class='ocrx_word' id='word_1_126' title='bbox 390 2861 419 2914; x_wconf 91' lang='lat' dir='ltr'><strong>te</strong></span> <span class='ocrx_word' id='word_1_127' title='bbox 440 2855 536 2916; x_wconf 86' lang='lat' dir='ltr'><strong>Roma</strong></span> <span class='ocrx_word' id='word_1_128' title='bbox 557 2855 655 2916; x_wconf 83' lang='lat' dir='ltr'><strong>sonuit</strong></span> <span class='ocrx_word' id='word_1_129' title='bbox 674 2853 749 2915; x_wconf 89' lang='lat' dir='ltr'><strong>illud</strong></span> <span class='ocrx_word' id='word_1_130' title='bbox 770 2875 831 2915; x_wconf 93' lang='lat' dir='ltr'><strong>non</strong></span> <span class='ocrx_word' id='word_1_131' title='bbox 853 2855 1034 2935; x_wconf 86' lang='lat' dir='ltr'><strong>ambiguum:</strong></span> 
     </span>
    </p>

    <p class='ocr_par' dir='ltr' id='par_1_8' title="bbox 246 2965 919 3046">
     <span class='ocr_line' id='line_1_24' title="bbox 246 2965 919 3046; baseline 0 -20"><span class='ocrx_word' id='word_1_132' title='bbox 246 2967 288 3026; x_wconf 88' lang='grc'><strong>40</strong></span> <span class='ocrx_word' id='word_1_133' title='bbox 330 2965 450 3026; x_wconf 76' lang='lat' dir='ltr'><strong>alterius</strong></span> <span class='ocrx_word' id='word_1_134' title='bbox 472 2966 563 3026; x_wconf 83' lang='lat' dir='ltr'><strong>siooss</strong></span> <span class='ocrx_word' id='word_1_135' title='bbox 584 2965 699 3046; x_wconf 80' lang='lat' dir='ltr'><strong>poeula,</strong></span> <span class='ocrx_word' id='word_1_136' title='bbox 722 2985 808 3026; x_wconf 88' lang='lat' dir='ltr'><strong>nemo</strong></span> <span class='ocrx_word' id='word_1_137' title='bbox 829 2972 919 3026; x_wconf 89' lang='lat' dir='ltr'><strong>tuum.</strong></span> 
     </span>
    </p>

    <p class='ocr_par' dir='ltr' id='par_1_9' title="bbox 330 3076 1057 3491">
     <span class='ocr_line' id='line_1_25' title="bbox 373 3076 1020 3158; baseline 0 -20"><span class='ocrx_word' id='word_1_138' title='bbox 373 3076 511 3158; x_wconf 85' lang='lat' dir='ltr'><strong>Eligendi</strong></span> <span class='ocrx_word' id='word_1_139' title='bbox 532 3077 675 3158; x_wconf 85' lang='lat' dir='ltr'><strong>praesulis</strong></span> <span class='ocrx_word' id='word_1_140' title='bbox 697 3076 831 3157; x_wconf 90' lang='lat' dir='ltr'><strong>quotiens</strong></span> <span class='ocrx_word' id='word_1_141' title='bbox 852 3076 883 3137; x_wconf 86' lang='lat' dir='ltr'><strong>fit</strong></span> <span class='ocrx_word' id='word_1_142' title='bbox 903 3076 1020 3153; x_wconf 87' lang='lat' dir='ltr'><strong>mentio,</strong></span> 
     </span>
     <span class='ocr_line' id='line_1_26' title="bbox 330 3188 1057 3270; baseline 0 -18"><span class='ocrx_word' id='word_1_143' title='bbox 330 3188 484 3270; x_wconf 81' lang='lat' dir='ltr'><strong>inprimis</strong></span> <span class='ocrx_word' id='word_1_144' title='bbox 505 3189 668 3270; x_wconf 86' lang='lat' dir='ltr'><strong>inquiritur,</strong></span> <span class='ocrx_word' id='word_1_145' title='bbox 691 3209 757 3251; x_wconf 85' lang='lat' dir='ltr'><strong>oum</strong></span> <span class='ocrx_word' id='word_1_146' title='bbox 779 3196 887 3268; x_wconf 87' lang='lat' dir='ltr'><strong>quanto</strong></span> <span class='ocrx_word' id='word_1_147' title='bbox 909 3189 1057 3270; x_wconf 87' lang='lat' dir='ltr'><strong>marsupio</strong></span> 
     </span>
     <span class='ocr_line' id='line_1_27' title="bbox 330 3300 909 3380; baseline 0.002 -19"><span class='ocrx_word' id='word_1_148' title='bbox 330 3300 469 3364; x_wconf 87' lang='lat' dir='ltr'><strong>interesse</strong></span> <span class='ocrx_word' id='word_1_149' title='bbox 490 3300 597 3380; x_wconf 83' lang='lat' dir='ltr'><strong>poterit</strong></span> <span class='ocrx_word' id='word_1_150' title='bbox 617 3303 752 3364; x_wconf 85' lang='lat' dir='ltr'><strong>Romano</strong></span> <span class='ocrx_word' id='word_1_151' title='bbox 775 3301 909 3376; x_wconf 89' lang='lat' dir='ltr'><strong>oonoilio,</strong></span> 
     </span>
     <span class='ocr_line' id='line_1_28' title="bbox 331 3411 963 3491; baseline -0.002 -18"><span class='ocrx_word' id='word_1_152' title='bbox 331 3413 419 3474; x_wconf 86' lang='lat' dir='ltr'><strong>etita</strong></span> <span class='ocrx_word' id='word_1_153' title='bbox 440 3412 477 3472; x_wconf 86' lang='lat' dir='ltr'><strong>de</strong></span> <span class='ocrx_word' id='word_1_154' title='bbox 499 3411 628 3474; x_wconf 88' lang='lat' dir='ltr'><strong>moribus</strong></span> <span class='ocrx_word' id='word_1_155' title='bbox 650 3413 751 3474; x_wconf 83' lang='lat' dir='ltr'><strong>ultima</strong></span> <span class='ocrx_word' id='word_1_156' title='bbox 770 3412 802 3471; x_wconf 82' lang='lat' dir='ltr'><strong>fir</strong></span> <span class='ocrx_word' id='word_1_157' title='bbox 823 3411 963 3491; x_wconf 76' lang='lat' dir='ltr'><strong>quaestio.</strong></span> 
     </span>
    </p>
   </div>
   <div class='ocr_carea' id='block_1_5' title="bbox 307 3575 771 4166">
    <p class='ocr_par' dir='ltr' id='par_1_10' title="bbox 309 3575 771 3921">
     <span class='ocr_line' id='line_1_29' title="bbox 309 3575 712 3685; baseline 0 -17"><span class='ocrx_word' id='word_1_158' title='bbox 309 3617 344 3668; x_wconf 75' lang='lat'><strong>20</strong></span> <span class='ocrx_word' id='word_1_159' title='bbox 377 3615 470 3669; x_wconf 85' lang='lat' dir='ltr'><strong>Horat.</strong></span> <span class='ocrx_word' id='word_1_160' title='bbox 488 3617 595 3685; x_wconf 79' lang='lat' dir='ltr'><strong>npp.1‚</strong></span> <span class='ocrx_word' id='word_1_161' title='bbox 613 3617 634 3682; x_wconf 90' lang='lat'><strong>1,</strong></span> <span class='ocrx_word' id='word_1_162' title='bbox 652 3575 712 3670; x_wconf 43' lang='lat' dir='ltr'><strong>ees</strong></span> 
     </span>
     <span class='ocr_line' id='line_1_30' title="bbox 309 3736 771 3806; baseline 0.004 -18"><span class='ocrx_word' id='word_1_163' title='bbox 309 3737 348 3788; x_wconf 72' lang='lat'><strong>24·</strong></span> <span class='ocrx_word' id='word_1_164' title='bbox 377 3736 710 3806; x_wconf 73' lang='lat' dir='ltr'><strong>Horornpp.1,xv111,</strong></span> <span class='ocrx_word' id='word_1_165' title='bbox 728 3739 771 3790; x_wconf 80' lang='lat'><strong>91.</strong></span> 
     </span>
     <span class='ocr_line' id='line_1_31' title="bbox 309 3853 584 3921; baseline 0.004 -13"><span class='ocrx_word' id='word_1_166' title='bbox 309 3857 344 3908; x_wconf 80' lang='lat'><strong>28</strong></span> <span class='ocrx_word' id='word_1_167' title='bbox 376 3853 474 3910; x_wconf 84' lang='lat' dir='ltr'><strong>Juven.</strong></span> <span class='ocrx_word' id='word_1_168' title='bbox 492 3857 526 3921; x_wconf 86' lang='lat'><strong>11,</strong></span> <span class='ocrx_word' id='word_1_169' title='bbox 544 3858 584 3909; x_wconf 91' lang='grc'><strong>10.</strong></span> 
     </span>
    </p>

    <p class='ocr_par' dir='ltr' id='par_1_11' title="bbox 308 3976 707 4045">
     <span class='ocr_line' id='line_1_32' title="bbox 308 3976 707 4045; baseline 0.008 -17"><span class='ocrx_word' id='word_1_170' title='bbox 308 3978 342 4028; x_wconf 79' lang='grc'><strong>82</strong></span> <span class='ocrx_word' id='word_1_171' title='bbox 376 3976 469 4036; x_wconf 78' lang='lat' dir='ltr'><strong>Horat,</strong></span> <span class='ocrx_word' id='word_1_172' title='bbox 487 3978 555 4045; x_wconf 83' lang='lat' dir='ltr'><strong>Epp.</strong></span> <span class='ocrx_word' id='word_1_173' title='bbox 572 3978 594 4043; x_wconf 89' lang='lat' dir='ltr'><strong>I,</strong></span> <span class='ocrx_word' id='word_1_174' title='bbox 611 3978 646 4044; x_wconf 81' lang='lat'><strong>11,</strong></span> <span class='ocrx_word' id='word_1_175' title='bbox 665 3980 707 4031; x_wconf 78' lang='grc'><strong>64.</strong></span> 
     </span>
    </p>

    <p class='ocr_par' dir='ltr' id='par_1_12' title="bbox 307 4094 666 4166">
     <span class='ocr_line' id='line_1_33' title="bbox 307 4094 666 4166; baseline 0.003 -15"><span class='ocrx_word' id='word_1_176' title='bbox 307 4098 342 4151; x_wconf 80' lang='grc'><strong>86</strong></span> <span class='ocrx_word' id='word_1_177' title='bbox 376 4098 451 4166; x_wconf 74' lang='lat' dir='ltr'><strong>virg.</strong></span> <span class='ocrx_word' id='word_1_178' title='bbox 469 4094 566 4166; x_wconf 79' lang='lat' dir='ltr'><strong>Geor&#39;g.</strong></span> <span class='ocrx_word' id='word_1_179' title='bbox 584 4101 605 4166; x_wconf 82' lang='lat'><strong>1,</strong></span> <span class='ocrx_word' id='word_1_180' title='bbox 624 4099 666 4152; x_wconf 76' lang='grc'><strong>57.</strong></span> 
     </span>
    </p>
   </div>
   <div class='ocr_carea' id='block_1_6' title="bbox 0 0 1602 5014">
    <p class='ocr_par' dir='ltr' id='par_1_13' title="bbox 0 0 1602 5014">
     <span class='ocr_line' id='line_1_34' title="bbox 0 0 1602 5014; baseline 0 4"><span class='ocrx_word' id='word_1_181' title='bbox 0 0 1602 5014; x_wconf 95' lang='lat' dir='ltr'><strong> </strong></span> 
     </span>
    </p>
   </div>
  </div>
 </body>
</html>
