3194 5014
658 511 811 612 ἐξ,

430 757 431 761 =
475 723 627 784 Liberator
649 721 791 794 saluteris,

371 837 434 894 110
477 835 527 913 qui
549 833 705 914 compescit
726 832 829 892 fluctus
851 831 938 891 maris

517 947 710 1019 tumescentis,
733 944 868 1004 fluctibus

474 1059 597 1118 liberare
619 1077 666 1117 me
688 1057 833 1136 dignetur,

476 1190 592 1250 paxque
615 1170 679 1228 sola
700 1167 863 1228 dominetur

517 1282 588 1340 meis
611 1282 642 1340 in
664 1280 833 1340 viscoribus.

371 1403 431 1460 115
476 1402 611 1474 Domine,
634 1399 713 1459 labia
734 1419 798 1458 mea

475 1521 507 1573 ut
527 1513 564 1571 sit
585 1513 638 1571 tibi
659 1513 723 1571 laus
745 1531 797 1591 per
820 1531 855 1570 ea

518 1623 625 1702 iugiter
647 1623 769 1702 aperies,

476 1743 508 1795 ut
528 1735 565 1794 dc
586 1742 668 1813 petra
690 1733 780 1794 durae
801 1733 905 1792 mentis

476 1866 582 1925 aquam
602 1846 691 1906 fontis
713 1853 742 1905 et
761 1845 896 1905 torrentis

371 1957 433 2016 120
519 1957 661 2018 inundare
683 1957 782 2017 facias.

477 2077 622 2154 Quoniam
634 2085 781 2154 „evacuato

407 2217 409 2224 ¹
475 2190 646 2249 holocausto
668 2210 721 2270 pro
744 2187 871 2268 peccato,

519 2321 592 2379 quae
615 2307 683 2360 sunt
702 2301 803 2360 turbae
825 2300 938 2374 veteris,

474 2419 504 2477 te
525 2431 696 2491 quaeramus
718 2419 813 2472 mente
835 2431 916 2491 pura,

370 2524 431 2580 125
474 2523 550 2602 legis
572 2531 667 2583 autem
687 2523 719 2582 in
739 2523 833 2602 figura
907 2516 909 2521 ’

518 2643 550 2693 tu
571 2655 631 2695 non
653 2634 851 2694 delectaberis.

475 2755 690 2814 Sacramentum
710 2775 800 2834 purae
822 2756 926 2815 mentis

476 2874 505 2925 et
525 2866 650 2946 perfecte
672 2867 845 2946 poenitentis

520 2977 579 3037 Dei
601 2977 786 3052 sacrificium,

370 3091 433 3147 130
476 3109 526 3148 cor
548 3090 702 3148 contritum
723 3109 880 3168 numquam
901 3089 1024 3169 spernis,

476 3201 529 3260 sed
550 3201 679 3281 benigno
702 3202 784 3262 vultu
806 3202 909 3274 cernis,

519 3313 674 3393 porrigens
696 3313 839 3372 solatium.

476 3433 561 3493 Bone
582 3433 664 3492 Deus
686 3442 715 3491 ct
735 3431 871 3510 benigne,

476 3551 517 3617 tu,
541 3564 627 3622 quem
648 3543 691 3603 tui
712 3550 851 3622 quaerent
872 3542 961 3622 digne

372 3656 433 3713 135
520 3655 730 3734 pervirtutum
752 3655 877 3728 semitas,

477 3765 523 3825 fac
544 3773 577 3826 ut
598 3786 711 3846 semper
732 3767 874 3828 exaltetur

477 3885 506 3936 et
526 3885 559 3937 ut
579 3878 611 3936 in
632 3885 660 3936 te
682 3875 837 3938 delectetur

519 3997 619 4050 sancta
639 3989 711 4049 Sion
732 3989 843 4050 civitas.
