3194 5014
373 1070 413 1128 75

788 429 940 533 „lo-

456 640 525 680 nam
546 641 611 681 cum
633 621 722 682 semel
745 621 849 702 opibus
871 620 954 683 dives
974 621 1147 695 intumescit,

457 732 585 812 inguinis
609 740 636 792 et
658 733 759 812 capitis
781 753 854 811 quae
877 732 934 792 sint
955 732 1123 792 discrimina
1144 732 1245 792 nescit.

500 843 659 903 Florebant
679 844 835 922 antiquitus
857 845 961 904 artium
982 844 1125 918 doctores,

456 976 534 1015 nune
556 939 708 1034 adquirunt
728 955 837 1016 reditus
859 956 921 1016 auri
941 973 1135 1036 possessores,

431 1131 433 1138 ,
457 1067 534 1146 quia,
557 1068 631 1128 sicut
652 1066 817 1148 exprimunt
837 1067 969 1128 versibus
991 1073 1136 1128 auctores:

457 1179 488 1238 in
509 1166 602 1259 pretio
624 1179 746 1258 pretium
768 1199 844 1240 nunc
866 1187 918 1255 est,
942 1178 991 1239 dat
1012 1198 1116 1238 census
1137 1179 1273 1238 honores.

501 1291 600 1352 Nescit
620 1291 745 1351 mundus
768 1290 901 1370 compati,
925 1291 1017 1350 nescit
1038 1289 1192 1350 condolere

458 1401 631 1462 mendicanti
650 1403 754 1462 Paladi
776 1422 850 1480 quae
872 1403 946 1462 solet
966 1401 1066 1481 vigere
1088 1399 1122 1481 (l.
1143 1399 1265 1479 rigere);
1310 1447 1312 1452 .

459 1534 527 1573 nam
540 1501 574 1573 ¹si
596 1535 713 1574 nummo
736 1533 844 1588 careas,
868 1494 939 1574 foris
962 1513 1118 1594 enpellere,

459 1626 522 1704 ipse
544 1626 610 1685 licet
627 1625 722 1686 Musis
745 1626 846 1685 venias
869 1626 1028 1699 comitatus,
1052 1626 1190 1684 Homere.

504 1737 579 1796 Axis
600 1737 758 1816 magisterii
780 1737 886 1798 fractus
909 1745 952 1796 est
973 1745 1000 1796 et
1021 1745 1107 1810 temo,

461 1847 555 1907 audiri
578 1849 603 1908 si
625 1839 747 1927 cupiam,
771 1849 916 1908 auditores
938 1869 1015 1922 emo,

461 1961 517 2019 hoc
539 1968 582 2020 est
603 1959 682 2022 uude
704 1980 874 2038 conqueror,
899 1961 955 2019 hoe
976 1967 1020 2020 est
1040 1958 1117 2019 unde
1139 1977 1237 2037 gemo:

461 2091 548 2132 nosse
570 2072 661 2134 velint
683 2091 792 2146 omnes,
816 2071 978 2132 mercedem
998 2071 1112 2132 solvere
1135 2089 1229 2130 nemo.
1273 2089 1274 2092 ¹

505 2185 596 2244 Senes
619 2183 755 2244 avaritiae
777 2191 845 2244 sunt
865 2183 967 2244 imbuti
988 2183 1065 2258 felle,

463 2295 537 2355 odor
558 2295 631 2354 lucri
651 2294 750 2375 pueris
773 2295 885 2355 dulcior
907 2303 951 2355 est
971 2295 1071 2354 melle:

463 2406 543 2466 nolle
564 2405 740 2486 pudicitiam,
764 2425 898 2466 nummos
920 2413 1015 2464 autem
1036 2404 1122 2478 velle,

465 2519 521 2579 hoc
543 2519 658 2577 discunt
680 2537 780 2592 omnes
802 2495 868 2576 ante
890 2518 977 2597 alpha
999 2524 1027 2576 et
1047 2517 1114 2576 beta
1135 2514 1260 2594 puellae.

508 2630 539 2689 Si
561 2636 636 2689 recte
658 2628 694 2689 de
716 2628 786 2689 vitio
809 2629 910 2689 vitium
932 2628 1055 2702 derives,
1136 2627 1138 2632 ’

382 2744 423 2802 90
466 2741 492 2800 si
515 2741 552 2802 de
573 2741 663 2822 gestis
686 2740 821 2800 consulas
843 2741 1023 2800 Athenarum
1045 2739 1133 2814 cives,

465 2854 540 2914 inter
561 2860 641 2914 actus
663 2851 772 2914 saeculi
792 2873 900 2933 pravos
922 2860 950 2914 et
971 2851 1100 2912 declives

467 2965 678 3026 intolerabilius
700 2965 773 3026 nihil
795 2972 839 3025 est
861 2985 948 3044 quam
969 2964 1076 3024 femina
1098 2962 1190 3023 dives.

509 3081 576 3138 Hoc
598 3077 707 3138 ideirco
730 3076 862 3150 dixerim,
886 3096 923 3136 ne
945 3075 1010 3154 quis
1032 3076 1096 3136 sine
1116 3073 1230 3134 macula

354 3225 357 3230 ·
467 3189 588 3252 feminas
611 3188 762 3262 existimet,
786 3208 907 3267 quarum
928 3187 1030 3266 lingua
1051 3185 1153 3260 iacula,

449 3500 482 3549 ta
516 3498 613 3549 Juven.
631 3497 676 3561 VI,
695 3497 754 3546 301.

387 3689 389 3693 ι
448 3619 482 3668 76
517 3615 593 3668 Ouid
611 3617 682 3667 Fast.
700 3616 721 3679 I,
739 3617 798 3666 217.

448 3737 483 3788 80
517 3735 594 3789 Orid.
612 3735 663 3786 Ars
678 3739 756 3786 amat.
774 3734 809 3798 11,
827 3735 887 3784 2⁷9.

324 3829 336 3848 ⁸
448 3858 483 3908 84
516 3854 614 3910 Juven.
631 3856 690 3921 VII,
711 3855 768 3908 157.

449 3979 483 4029 88
516 3975 614 4031 ‹luvcm
632 3975 702 4042 XIV,
721 3975 779 4028 209.
848 4000 849 4006 =

450 4099 483 4148 92
518 4098 615 4152 Juven.
632 4096 756 4163 V1,460.
