<?xml version="1.0" encoding="UTF-8"?>
<!DOCTYPE html PUBLIC "-//W3C//DTD XHTML 1.0 Transitional//EN"
    "http://www.w3.org/TR/xhtml1/DTD/xhtml1-transitional.dtd">
<html xmlns="http://www.w3.org/1999/xhtml" xml:lang="en" lang="en">
 <head>
  <title>
</title>
<meta http-equiv="Content-Type" content="text/html;charset=utf-8" />
  <meta name='ocr-system' content='tesseract 3.04.00' />
  <meta name='ocr-capabilities' content='ocr_page ocr_carea ocr_par ocr_line ocrx_word'/>
</head>
<body>
  <div class='ocr_page' id='page_1' title='image "./diezehngedichte00waltgoog_0047.png"; bbox 0 0 3194 5014; ppageno 0'>
   <div class='ocr_carea' id='block_1_1' title="bbox 576 1148 1088 1368">
    <p class='ocr_par' dir='ltr' id='par_1_1' title="bbox 576 1148 1088 1368">
     <span class='ocr_line' id='line_1_1' title="bbox 792 1148 863 1228; baseline 0 0"><span class='ocrx_word' id='word_1_1' title='bbox 792 1148 863 1228; x_wconf 77' lang='lat' dir='ltr'><strong>vlu</strong></span> 
     </span>
     <span class='ocr_line' id='line_1_2' title="bbox 576 1291 1088 1368; baseline 0 -2"><span class='ocrx_word' id='word_1_2' title='bbox 576 1294 631 1366; x_wconf 85' lang='lat' dir='ltr'><strong>De</strong></span> <span class='ocrx_word' id='word_1_3' title='bbox 656 1294 827 1368; x_wconf 84' lang='lat' dir='ltr'><strong>adventu</strong></span> <span class='ocrx_word' id='word_1_4' title='bbox 851 1291 1088 1366; x_wconf 77' lang='lat' dir='ltr'><strong>Autiohrist&#39;u</strong></span> 
     </span>
    </p>
   </div>
   <div class='ocr_carea' id='block_1_2' title="bbox 338 1497 1203 2608">
    <p class='ocr_par' dir='ltr' id='par_1_2' title="bbox 420 1497 1160 1938">
     <span class='ocr_line' id='line_1_3' title="bbox 464 1497 1160 1602; baseline 0.001 -18"><span class='ocrx_word' id='word_1_5' title='bbox 464 1497 551 1584; x_wconf 85' lang='lat' dir='ltr'><strong>Dum</strong></span> <span class='ocrx_word' id='word_1_6' title='bbox 572 1522 751 1602; x_wconf 77' lang='lat' dir='ltr'><strong>contemplor</strong></span> <span class='ocrx_word' id='word_1_7' title='bbox 773 1522 870 1582; x_wconf 86' lang='lat' dir='ltr'><strong>animo</strong></span> <span class='ocrx_word' id='word_1_8' title='bbox 893 1522 999 1584; x_wconf 87' lang='lat' dir='ltr'><strong>saeouli</strong></span> <span class='ocrx_word' id='word_1_9' title='bbox 1021 1529 1160 1600; x_wconf 87' lang='lat' dir='ltr'><strong>tenorem,</strong></span> 
     </span>
     <span class='ocr_line' id='line_1_4' title="bbox 420 1634 1118 1718; baseline 0.007 -22"><span class='ocrx_word' id='word_1_10' title='bbox 420 1635 610 1718; x_wconf 87' lang='lat' dir='ltr'><strong>reproborum</strong></span> <span class='ocrx_word' id='word_1_11' title='bbox 632 1634 754 1715; x_wconf 58' lang='lat' dir='ltr'><strong>gaudia,</strong></span> <span class='ocrx_word' id='word_1_12' title='bbox 770 1634 928 1715; x_wconf 89' lang='lat' dir='ltr'><strong>proborum</strong></span> <span class='ocrx_word' id='word_1_13' title='bbox 941 1637 1118 1710; x_wconf 78' lang='lat' dir='ltr'><strong>maerorem,</strong></span> 
     </span>
     <span class='ocr_line' id='line_1_5' title="bbox 422 1746 1035 1828; baseline 0 -20"><span class='ocrx_word' id='word_1_14' title='bbox 422 1754 614 1828; x_wconf 81' lang='lat' dir='ltr'><strong>contemptum</strong></span> <span class='ocrx_word' id='word_1_15' title='bbox 636 1746 770 1822; x_wconf 85' lang='lat' dir='ltr'><strong>iustitiae,</strong></span> <span class='ocrx_word' id='word_1_16' title='bbox 793 1746 859 1808; x_wconf 86' lang='lat' dir='ltr'><strong>fidei</strong></span> <span class='ocrx_word' id='word_1_17' title='bbox 880 1753 1035 1827; x_wconf 87' lang='lat' dir='ltr'><strong>torporem,</strong></span> 
     </span>
     <span class='ocr_line' id='line_1_6' title="bbox 422 1859 1157 1938; baseline -0.001 -19"><span class='ocrx_word' id='word_1_18' title='bbox 422 1859 517 1934; x_wconf 89' lang='lat' dir='ltr'><strong>oredo,</strong></span> <span class='ocrx_word' id='word_1_19' title='bbox 542 1859 621 1938; x_wconf 86' lang='lat' dir='ltr'><strong>quod</strong></span> <span class='ocrx_word' id='word_1_20' title='bbox 642 1879 703 1920; x_wconf 89' lang='lat' dir='ltr'><strong>nou</strong></span> <span class='ocrx_word' id='word_1_21' title='bbox 724 1859 850 1920; x_wconf 86' lang='lat' dir='ltr'><strong>habeant</strong></span> <span class='ocrx_word' id='word_1_22' title='bbox 871 1859 989 1920; x_wconf 85' lang='lat' dir='ltr'><strong>saeeula</strong></span> <span class='ocrx_word' id='word_1_23' title='bbox 1009 1866 1157 1921; x_wconf 78' lang='lat' dir='ltr'><strong>restorem.</strong></span> 
     </span>
    </p>

    <p class='ocr_par' dir='ltr' id='par_1_3' title="bbox 338 1969 1203 2608">
     <span class='ocr_line' id='line_1_7' title="bbox 358 1969 1065 2050; baseline -0.001 -19"><span class='ocrx_word' id='word_1_24' title='bbox 358 1975 377 2031; x_wconf 85' lang='lat'>5</span> <span class='ocrx_word' id='word_1_25' title='bbox 465 1971 500 2045; x_wconf 92' lang='lat'><strong>0,</strong></span> <span class='ocrx_word' id='word_1_26' title='bbox 525 1971 574 2050; x_wconf 89' lang='lat' dir='ltr'><strong>qui</strong></span> <span class='ocrx_word' id='word_1_27' title='bbox 597 1969 821 2049; x_wconf 76' lang='lat' dir='ltr'><strong>quadrupliciter</strong></span> <span class='ocrx_word' id='word_1_28' title='bbox 843 1970 926 2030; x_wconf 88' lang='lat' dir='ltr'><strong>iubes</strong></span> <span class='ocrx_word' id='word_1_29' title='bbox 947 1969 1065 2049; x_wconf 83' lang='lat' dir='ltr'><strong>figurari</strong></span> 
     </span>
     <span class='ocr_line' id='line_1_8' title="bbox 420 2081 1063 2162; baseline -0.002 -19"><span class='ocrx_word' id='word_1_30' title='bbox 420 2083 520 2162; x_wconf 88' lang='lat' dir='ltr'><strong>hylen,</strong></span> <span class='ocrx_word' id='word_1_31' title='bbox 544 2083 594 2162; x_wconf 91' lang='lat' dir='ltr'><strong>qui</strong></span> <span class='ocrx_word' id='word_1_32' title='bbox 616 2101 662 2142; x_wconf 85' lang='lat' dir='ltr'><strong>res</strong></span> <span class='ocrx_word' id='word_1_33' title='bbox 685 2081 816 2162; x_wconf 77' lang='lat' dir='ltr'><strong>dispares</strong></span> <span class='ocrx_word' id='word_1_34' title='bbox 837 2081 878 2142; x_wconf 88' lang='lat' dir='ltr'><strong>ita</strong></span> <span class='ocrx_word' id='word_1_35' title='bbox 899 2101 977 2142; x_wconf 84' lang='lat' dir='ltr'><strong>nexu</strong></span> <span class='ocrx_word' id='word_1_36' title='bbox 999 2083 1063 2162; x_wconf 91' lang='lat' dir='ltr'><strong>pari</strong></span> 
     </span>
     <span class='ocr_line' id='line_1_9' title="bbox 422 2193 1039 2275; baseline -0.003 -19"><span class='ocrx_word' id='word_1_37' title='bbox 422 2195 550 2275; x_wconf 77' lang='lat' dir='ltr'><strong>copulas,</strong></span> <span class='ocrx_word' id='word_1_38' title='bbox 574 2201 606 2254; x_wconf 89' lang='lat' dir='ltr'><strong>ut</strong></span> <span class='ocrx_word' id='word_1_39' title='bbox 626 2201 771 2272; x_wconf 88' lang='lat' dir='ltr'><strong>nequeant</strong></span> <span class='ocrx_word' id='word_1_40' title='bbox 793 2214 810 2253; x_wconf 90' lang='lat' dir='ltr'><strong>a</strong></span> <span class='ocrx_word' id='word_1_41' title='bbox 831 2211 864 2254; x_wconf 84' lang='lat' dir='ltr'><strong>se</strong></span> <span class='ocrx_word' id='word_1_42' title='bbox 885 2193 1039 2274; x_wconf 88' lang='lat' dir='ltr'><strong>disparari:</strong></span> 
     </span>
     <span class='ocr_line' id='line_1_10' title="bbox 389 2305 1072 2385; baseline 0.001 -20"><span class='ocrx_word' id='word_1_43' title='bbox 389 2353 391 2358; x_wconf 93' lang='lat'><em>.</em></span> <span class='ocrx_word' id='word_1_44' title='bbox 422 2325 473 2366; x_wconf 91' lang='lat' dir='ltr'><strong>our</strong></span> <span class='ocrx_word' id='word_1_45' title='bbox 493 2305 633 2385; x_wconf 72' lang='lat' dir='ltr'><strong>permittis</strong></span> <span class='ocrx_word' id='word_1_46' title='bbox 655 2306 801 2366; x_wconf 88' lang='lat' dir='ltr'><strong>homiuem</strong></span> <span class='ocrx_word' id='word_1_47' title='bbox 822 2306 864 2366; x_wconf 89' lang='lat' dir='ltr'><strong>sio</strong></span> <span class='ocrx_word' id='word_1_48' title='bbox 886 2305 1072 2368; x_wconf 77' lang='lat' dir='ltr'><strong>donaturari‘?</strong></span> 
     </span>
     <span class='ocr_line' id='line_1_11' title="bbox 466 2416 1203 2498; baseline 0.001 -21"><span class='ocrx_word' id='word_1_49' title='bbox 466 2418 538 2478; x_wconf 74' lang='lat' dir='ltr'><strong>(tum</strong></span> <span class='ocrx_word' id='word_1_50' title='bbox 559 2437 612 2498; x_wconf 87' lang='lat' dir='ltr'><strong>per</strong></span> <span class='ocrx_word' id='word_1_51' title='bbox 633 2423 724 2476; x_wconf 84' lang='lat' dir='ltr'><strong>certas</strong></span> <span class='ocrx_word' id='word_1_52' title='bbox 746 2416 897 2476; x_wconf 73' lang='lat' dir='ltr'><strong>methodos</strong></span> <span class='ocrx_word' id='word_1_53' title='bbox 920 2424 948 2476; x_wconf 85' lang='lat' dir='ltr'><strong>et</strong></span> <span class='ocrx_word' id='word_1_54' title='bbox 968 2417 1050 2496; x_wconf 86' lang='lat' dir='ltr'><strong>leges</strong></span> <span class='ocrx_word' id='word_1_55' title='bbox 1072 2424 1203 2478; x_wconf 80' lang='lat' dir='ltr'><strong>aeternas</strong></span> 
     </span>
     <span class='ocr_line' id='line_1_12' title="bbox 338 2517 1050 2608; baseline 0.001 -19"><span class='ocrx_word' id='word_1_56' title='bbox 338 2533 379 2590; x_wconf 93' lang='grc'><strong>10</strong></span> <span class='ocrx_word' id='word_1_57' title='bbox 422 2529 562 2590; x_wconf 86' lang='lat' dir='ltr'><strong>elementa</strong></span> <span class='ocrx_word' id='word_1_58' title='bbox 583 2517 701 2608; x_wconf 81' lang='lat' dir='ltr'><strong>copules</strong></span> <span class='ocrx_word' id='word_1_59' title='bbox 722 2527 872 2606; x_wconf 78' lang='lat' dir='ltr'><strong>lucemque</strong></span> <span class='ocrx_word' id='word_1_60' title='bbox 894 2527 1050 2603; x_wconf 79' lang='lat' dir='ltr'><strong>discernas,</strong></span> 
     </span>
    </p>
   </div>
   <div class='ocr_carea' id='block_1_3' title="bbox 417 2611 1170 2833">
    <p class='ocr_par' dir='ltr' id='par_1_4' title="bbox 417 2611 1170 2833">
     <span class='ocr_line' id='line_1_13' title="bbox 417 2611 1170 2722; baseline 0 -20"><span class='ocrx_word' id='word_1_61' title='bbox 417 2611 545 2716; x_wconf 49' lang='lat' dir='ltr'><strong>&#39;videtum</strong></span> <span class='ocrx_word' id='word_1_62' title='bbox 568 2639 648 2719; x_wconf 84' lang='lat' dir='ltr'><strong>quod</strong></span> <span class='ocrx_word' id='word_1_63' title='bbox 668 2639 814 2700; x_wconf 89' lang='lat' dir='ltr'><strong>homiuem</strong></span> <span class='ocrx_word' id='word_1_64' title='bbox 837 2639 1019 2702; x_wconf 85' lang='lat' dir='ltr'><strong>solummodo</strong></span> <span class='ocrx_word' id='word_1_65' title='bbox 1041 2661 1170 2722; x_wconf 83' lang='lat' dir='ltr'><strong>spernas,</strong></span> 
     </span>
     <span class='ocr_line' id='line_1_14' title="bbox 423 2750 1072 2833; baseline -0.003 -19"><span class='ocrx_word' id='word_1_66' title='bbox 423 2753 504 2814; x_wconf 85' lang='lat' dir='ltr'><strong>cuius</strong></span> <span class='ocrx_word' id='word_1_67' title='bbox 526 2752 614 2813; x_wconf 83' lang='lat' dir='ltr'><strong>vitam</strong></span> <span class='ocrx_word' id='word_1_68' title='bbox 636 2750 724 2811; x_wconf 90' lang='lat' dir='ltr'><strong>simili</strong></span> <span class='ocrx_word' id='word_1_69' title='bbox 745 2771 814 2812; x_wconf 88' lang='lat' dir='ltr'><strong>oura</strong></span> <span class='ocrx_word' id='word_1_70' title='bbox 836 2773 896 2812; x_wconf 88' lang='lat' dir='ltr'><strong>nou</strong></span> <span class='ocrx_word' id='word_1_71' title='bbox 917 2753 1072 2833; x_wconf 82' lang='lat' dir='ltr'><strong>gubernas.</strong></span> 
     </span>
    </p>
   </div>
   <div class='ocr_carea' id='block_1_4' title="bbox 339 2850 1232 4178">
    <p class='ocr_par' dir='ltr' id='par_1_5' title="bbox 465 2850 1232 2939">
     <span class='ocr_line' id='line_1_15' title="bbox 465 2850 1232 2939; baseline 0.003 -15"><span class='ocrx_word' id='word_1_72' title='bbox 465 2866 533 2926; x_wconf 90' lang='lat' dir='ltr'><strong>Hoo</strong></span> <span class='ocrx_word' id='word_1_73' title='bbox 554 2862 624 2924; x_wconf 80' lang='lat' dir='ltr'><strong>&lt;ium</strong></span> <span class='ocrx_word' id='word_1_74' title='bbox 645 2850 757 2926; x_wconf 84' lang='lat' dir='ltr'><strong>meeum</strong></span> <span class='ocrx_word' id='word_1_75' title='bbox 777 2863 933 2926; x_wconf 85' lang='lat' dir='ltr'><strong>scriberem</strong></span> <span class='ocrx_word' id='word_1_76' title='bbox 954 2865 1089 2928; x_wconf 82' lang='lat' dir='ltr'><strong>sensibus</strong></span> <span class='ocrx_word' id='word_1_77' title='bbox 1110 2867 1232 2939; x_wconf 61' lang='lat' dir='ltr'><strong>montis</strong></span> 
     </span>
    </p>

    <p class='ocr_par' dir='ltr' id='par_1_6' title="bbox 339 2975 1146 3282">
     <span class='ocr_line' id='line_1_16' title="bbox 423 2975 1146 3073; baseline 0.003 -37"><span class='ocrx_word' id='word_1_78' title='bbox 423 2997 488 3037; x_wconf 86' lang='lat' dir='ltr'><strong>oum</strong></span> <span class='ocrx_word' id='word_1_79' title='bbox 511 2975 547 3036; x_wconf 89' lang='lat' dir='ltr'><strong>de</strong></span> <span class='ocrx_word' id='word_1_80' title='bbox 569 2977 677 3073; x_wconf 79' lang='lat' dir='ltr'><strong>mundo</strong></span> <span class='ocrx_word' id='word_1_81' title='bbox 699 2977 834 3056; x_wconf 87' lang='lat' dir='ltr'><strong>loquerer</strong></span> <span class='ocrx_word' id='word_1_82' title='bbox 856 2975 976 3056; x_wconf 81' lang='lat' dir='ltr'><strong>eiusque</strong></span> <span class='ocrx_word' id='word_1_83' title='bbox 996 2977 1146 3058; x_wconf 83' lang='lat' dir='ltr'><strong>portentis,</strong></span> 
     </span>
     <span class='ocr_line' id='line_1_17' title="bbox 339 3087 1034 3168; baseline 0 -20"><span class='ocrx_word' id='word_1_84' title='bbox 339 3091 378 3149; x_wconf 81' lang='lat'><strong>15</strong></span> <span class='ocrx_word' id='word_1_85' title='bbox 421 3095 498 3150; x_wconf 85' lang='lat' dir='ltr'><strong>totus</strong></span> <span class='ocrx_word' id='word_1_86' title='bbox 520 3089 551 3149; x_wconf 91' lang='lat' dir='ltr'><strong>in</strong></span> <span class='ocrx_word' id='word_1_87' title='bbox 573 3087 716 3168; x_wconf 83' lang='lat' dir='ltr'><strong>suspiriis,</strong></span> <span class='ocrx_word' id='word_1_88' title='bbox 739 3095 815 3150; x_wconf 90' lang='lat' dir='ltr'><strong>totus</strong></span> <span class='ocrx_word' id='word_1_89' title='bbox 838 3087 869 3148; x_wconf 91' lang='lat' dir='ltr'><strong>in</strong></span> <span class='ocrx_word' id='word_1_90' title='bbox 891 3089 1034 3162; x_wconf 82' lang='lat' dir='ltr'><strong>lamentis,</strong></span> 
     </span>
     <span class='ocr_line' id='line_1_18' title="bbox 422 3198 1054 3282; baseline -0.002 -21"><span class='ocrx_word' id='word_1_91' title='bbox 422 3201 517 3282; x_wconf 77' lang='lat' dir='ltr'><strong>rapuit</strong></span> <span class='ocrx_word' id='word_1_92' title='bbox 538 3219 584 3260; x_wconf 90' lang='lat' dir='ltr'><strong>me</strong></span> <span class='ocrx_word' id='word_1_93' title='bbox 605 3198 722 3277; x_wconf 88' lang='lat' dir='ltr'><strong>spiritus</strong></span> <span class='ocrx_word' id='word_1_94' title='bbox 744 3198 776 3258; x_wconf 89' lang='lat' dir='ltr'><strong>iu</strong></span> <span class='ocrx_word' id='word_1_95' title='bbox 798 3217 920 3260; x_wconf 75' lang='lat' dir='ltr'><strong>excessu</strong></span> <span class='ocrx_word' id='word_1_96' title='bbox 941 3199 1054 3260; x_wconf 83' lang='lat' dir='ltr'><strong>mentis.</strong></span> 
     </span>
    </p>

    <p class='ocr_par' dir='ltr' id='par_1_7' title="bbox 423 3285 1166 3615">
     <span class='ocr_line' id='line_1_19' title="bbox 465 3285 1166 3393; baseline 0.001 -20"><span class='ocrx_word' id='word_1_97' title='bbox 465 3314 513 3373; x_wconf 95' lang='lat' dir='ltr'><strong>De</strong></span> <span class='ocrx_word' id='word_1_98' title='bbox 523 3285 677 3382; x_wconf 57' lang='lat' dir='ltr'><strong>⁸centauris</strong></span> <span class='ocrx_word' id='word_1_99' title='bbox 699 3309 881 3390; x_wconf 74' lang='lat' dir='ltr'><strong>cogitasset</strong></span> <span class='ocrx_word' id='word_1_100' title='bbox 901 3309 1053 3391; x_wconf 82' lang='lat' dir='ltr'><strong>gigantum</strong></span> <span class='ocrx_word' id='word_1_101' title='bbox 1073 3313 1166 3393; x_wconf 85' lang='lat' dir='ltr'><strong>prole,</strong></span> 
     </span>
     <span class='ocr_line' id='line_1_20' title="bbox 424 3423 1107 3504; baseline 0 -18"><span class='ocrx_word' id='word_1_102' title='bbox 424 3425 493 3487; x_wconf 90' lang='lat' dir='ltr'><strong>dum</strong></span> <span class='ocrx_word' id='word_1_103' title='bbox 515 3443 647 3485; x_wconf 79' lang='lat' dir='ltr'><strong>curarum</strong></span> <span class='ocrx_word' id='word_1_104' title='bbox 667 3442 814 3504; x_wconf 87' lang='lat' dir='ltr'><strong>premerer</strong></span> <span class='ocrx_word' id='word_1_105' title='bbox 834 3423 1000 3504; x_wconf 87' lang='lat' dir='ltr'><strong>ponderosa</strong></span> <span class='ocrx_word' id='word_1_106' title='bbox 1022 3425 1107 3500; x_wconf 82' lang='lat' dir='ltr'><strong>molo,</strong></span> 
     </span>
     <span class='ocr_line' id='line_1_21' title="bbox 423 3535 1056 3615; baseline 0 -17"><span class='ocrx_word' id='word_1_107' title='bbox 423 3537 523 3599; x_wconf 90' lang='lat' dir='ltr'><strong>audivi</strong></span> <span class='ocrx_word' id='word_1_108' title='bbox 544 3557 610 3598; x_wconf 89' lang='lat' dir='ltr'><strong>oum</strong></span> <span class='ocrx_word' id='word_1_109' title='bbox 632 3535 774 3615; x_wconf 81' lang='lat' dir='ltr'><strong>cymbalis</strong></span> <span class='ocrx_word' id='word_1_110' title='bbox 796 3535 949 3614; x_wconf 86' lang='lat' dir='ltr'><strong>sonituque</strong></span> <span class='ocrx_word' id='word_1_111' title='bbox 970 3537 1056 3598; x_wconf 88' lang='lat' dir='ltr'><strong>nolae</strong></span> 
     </span>
    </p>

    <p class='ocr_par' dir='ltr' id='par_1_8' title="bbox 339 3647 1053 3730">
     <span class='ocr_line' id='line_1_22' title="bbox 339 3647 1053 3730; baseline -0.001 -19"><span class='ocrx_word' id='word_1_112' title='bbox 339 3651 381 3711; x_wconf 81' lang='lat'><strong>20</strong></span> <span class='ocrx_word' id='word_1_113' title='bbox 424 3648 580 3730; x_wconf 77' lang='lat' dir='ltr'><strong>conuenire</strong></span> <span class='ocrx_word' id='word_1_114' title='bbox 600 3647 756 3708; x_wconf 86' lang='lat' dir='ltr'><strong>daemones</strong></span> <span class='ocrx_word' id='word_1_115' title='bbox 779 3647 815 3708; x_wconf 90' lang='lat' dir='ltr'><strong>ab</strong></span> <span class='ocrx_word' id='word_1_116' title='bbox 837 3653 959 3726; x_wconf 88' lang='lat' dir='ltr'><strong>utroque</strong></span> <span class='ocrx_word' id='word_1_117' title='bbox 981 3649 1053 3711; x_wconf 91' lang='lat' dir='ltr'><strong>sole.</strong></span> 
     </span>
    </p>

    <p class='ocr_par' dir='ltr' id='par_1_9' title="bbox 424 3757 1124 4178">
     <span class='ocr_line' id='line_1_23' title="bbox 466 3757 1124 3838; baseline 0.003 -18"><span class='ocrx_word' id='word_1_118' title='bbox 466 3760 573 3834; x_wconf 84' lang='lat' dir='ltr'><strong>Locus,</strong></span> <span class='ocrx_word' id='word_1_119' title='bbox 596 3758 634 3818; x_wconf 83' lang='lat' dir='ltr'><strong>ad</strong></span> <span class='ocrx_word' id='word_1_120' title='bbox 656 3779 743 3838; x_wconf 90' lang='lat' dir='ltr'><strong>quem</strong></span> <span class='ocrx_word' id='word_1_121' title='bbox 763 3757 853 3821; x_wconf 82' lang='lat' dir='ltr'><strong>firrias</strong></span> <span class='ocrx_word' id='word_1_122' title='bbox 874 3758 937 3820; x_wconf 87' lang='lat' dir='ltr'><strong>vidi</strong></span> <span class='ocrx_word' id='word_1_123' title='bbox 957 3759 1124 3836; x_wconf 71' lang='lat' dir='ltr'><strong>eonvenite,</strong></span> 
     </span>
     <span class='ocr_line' id='line_1_24' title="bbox 424 3869 1011 3947; baseline -0.005 -12"><span class='ocrx_word' id='word_1_124' title='bbox 424 3872 577 3935; x_wconf 84' lang='lat' dir='ltr'><strong>videbatur</strong></span> <span class='ocrx_word' id='word_1_125' title='bbox 597 3870 744 3932; x_wconf 90' lang='lat' dir='ltr'><strong>vermibus</strong></span> <span class='ocrx_word' id='word_1_126' title='bbox 765 3877 842 3934; x_wconf 84' lang='lat' dir='ltr'><strong>totus</strong></span> <span class='ocrx_word' id='word_1_127' title='bbox 864 3869 1011 3947; x_wconf 80' lang='lat' dir='ltr'><strong>scaturire,</strong></span> 
     </span>
     <span class='ocr_line' id='line_1_25' title="bbox 426 3981 1026 4066; baseline -0.005 -19"><span class='ocrx_word' id='word_1_128' title='bbox 426 3993 454 4047; x_wconf 83' lang='lat' dir='ltr'><strong>et</strong></span> <span class='ocrx_word' id='word_1_129' title='bbox 473 3991 569 4066; x_wconf 87' lang='lat' dir='ltr'><strong>pestes</strong></span> <span class='ocrx_word' id='word_1_130' title='bbox 592 3983 628 4044; x_wconf 92' lang='lat' dir='ltr'><strong>ab</strong></span> <span class='ocrx_word' id='word_1_131' title='bbox 650 3981 750 4044; x_wconf 87' lang='lat' dir='ltr'><strong>inferis</strong></span> <span class='ocrx_word' id='word_1_132' title='bbox 773 4002 873 4045; x_wconf 87' lang='lat' dir='ltr'><strong>omues</strong></span> <span class='ocrx_word' id='word_1_133' title='bbox 896 3983 1026 4058; x_wconf 83' lang='lat' dir='ltr'><strong>ebullire,</strong></span> 
     </span>
     <span class='ocr_line' id='line_1_26' title="bbox 426 4093 1075 4178; baseline -0.002 -21"><span class='ocrx_word' id='word_1_134' title='bbox 426 4115 497 4178; x_wconf 92' lang='lat' dir='ltr'><strong>quas</strong></span> <span class='ocrx_word' id='word_1_135' title='bbox 519 4116 580 4157; x_wconf 86' lang='lat' dir='ltr'><strong>nox</strong></span> <span class='ocrx_word' id='word_1_136' title='bbox 601 4093 704 4177; x_wconf 82' lang='lat' dir='ltr'><strong>gignit,</strong></span> <span class='ocrx_word' id='word_1_137' title='bbox 728 4095 862 4176; x_wconf 83' lang='lat' dir='ltr'><strong>quotiens</strong></span> <span class='ocrx_word' id='word_1_138' title='bbox 882 4094 968 4158; x_wconf 84' lang='lat' dir='ltr'><strong>tibuit</strong></span> <span class='ocrx_word' id='word_1_139' title='bbox 989 4095 1075 4158; x_wconf 85' lang='lat' dir='ltr'><strong>ooiro.</strong></span> 
     </span>
    </p>
   </div>
   <div class='ocr_carea' id='block_1_5' title="bbox 0 0 1602 5014">
    <p class='ocr_par' dir='ltr' id='par_1_10' title="bbox 0 0 1602 5014">
     <span class='ocr_line' id='line_1_27' title="bbox 0 0 1602 5014; baseline 0 0"><span class='ocrx_word' id='word_1_140' title='bbox 0 0 1602 5014; x_wconf 95' lang='lat' dir='ltr'><strong> </strong></span> 
     </span>
    </p>
   </div>
  </div>
 </body>
</html>
