3194 5014
526 1158 665 1236 bontra
689 1157 975 1234 Ecclesiasticos
1000 1160 1199 1255 praelatos

721 1309 773 1377 [ou
790 1305 868 1362 usru
885 1329 910 1379 p.
931 1309 997 1378 1oo.]

494 1465 606 1552 Fallax
629 1497 672 1552 est
693 1497 721 1552 et
742 1491 857 1552 mobilis
879 1491 928 1552 lex
949 1493 1093 1554 humanae
1115 1493 1209 1570 sortis,

452 1604 560 1666 nedum
581 1605 656 1664 natis
678 1602 763 1664 etiam
785 1601 909 1683 spondet
928 1605 1029 1665 horam
1051 1606 1159 1682 mortis,

451 1736 486 1778 ac
506 1716 652 1797 peccantis
673 1715 746 1794 ultio
768 1735 882 1796 semper
904 1723 947 1778 ast
966 1716 997 1776 in
1018 1717 1119 1798 portis,

451 1829 520 1909 quia
541 1829 583 1890 sic
604 1825 727 1890 instituit
747 1827 838 1888 iudex
859 1828 959 1903 iustas,
982 1827 1073 1890 fortis.

386 1943 406 2002 5
493 1939 526 2000 Si
547 1939 613 2019 quis
635 1959 706 2020 ergo
728 1945 876 2019 sperneret
895 1916 1036 2000 munduin
1057 1941 1132 2002 male
1153 1947 1253 2019 tutum,

449 2072 631 2114 nummorum
654 2051 820 2132 congeriem
841 2058 977 2132 reputans
998 2057 1031 2113 ut
1051 2053 1151 2129 lutum,

451 2184 627 2226 conservans
648 2163 770 2225 viriliter
792 2184 897 2246 corpus
918 2165 1125 2246 incorruptum,

449 2277 527 2337 hunc
548 2275 636 2355 plane
658 2275 793 2355 diligeret
814 2275 948 2338 dominus
970 2279 1116 2340 virtutum.

491 2385 550 2448 Sed
571 2406 631 2448 non
653 2387 747 2466 placet
768 2385 901 2446 omnibus
923 2388 995 2446 haec
1017 2388 1205 2466 consuetudo,

365 2502 406 2560 10
449 2499 518 2580 quia
537 2497 633 2579 placet
653 2496 776 2578 amplius
797 2497 902 2560 bursae
923 2497 1088 2578 plenitud03

447 2611 599 2673 universos
620 2609 710 2670 allicit
730 2609 802 2672 cutis
822 2609 1016 2690 pulchritudo,

447 2721 537 2784 hodie
557 2720 610 2782 rix
631 2721 757 2800 aliquem
778 2721 861 2783 decet
881 2721 1051 2784 sanctitudo.

370 2889 372 2894 .
490 2833 550 2896 Ubi
572 2840 640 2894 sunt
660 2833 820 2895 Ecclesiam
841 2833 872 2893 in
895 2833 1009 2896 Christo
1031 2843 1174 2918 regentes,
1260 2888 1261 2891 ,

448 2945 499 3026 qui
519 2945 612 3007 velint
632 2946 755 3008 existere
775 2946 1008 3008 benefacientes?

364 3061 405 3120 15
448 3058 646 3138 exemplorum
662 3058 694 3137 (l.
710 3054 917 3140 exemploque)
934 3057 1054 3118 Levitae
1068 3066 1179 3122 tantum
1199 3061 1370 3139 relucentes,

447 3176 480 3230 ut
500 3169 643 3230 laetentur
662 3169 769 3249 pariter
790 3175 820 3228 ct
841 3169 970 3230 exultent
990 3170 1113 3249 gentes?

330 3261 331 3264 Ἴ
489 3279 663 3342 Nilvolunt
684 3279 780 3341 solatii
802 3280 923 3342 subditis
945 3281 1085 3359 conferre,

447 3397 484 3469 et,
508 3412 573 3454 cum
594 3391 682 3455 modo
705 3398 854 3454 conterant
874 3400 966 3456 totum
987 3395 1126 3458 mundum
1147 3415 1278 3480 guerrae,

447 3505 551 3567 nolunt
571 3490 612 3567 se
624 3525 678 3585 pro
700 3505 766 3566 tiliis
787 3505 881 3567 Israel
903 3506 1014 3581 offerre,

362 3619 404 3678 20
446 3617 531 3680 utin
551 3635 624 3698 pace
645 3623 781 3678 maneant
802 3635 902 3678 omnes
923 3617 995 3678 fines
1015 3624 1119 3679 terrae.

489 3728 526 3788 In
546 3727 690 3790 bellorum
710 3727 825 3789 turbine
846 3728 883 3789 de
905 3729 970 3790 Deo
993 3728 1135 3806 diffidunt,

445 3840 501 3902 hos
522 3846 629 3902 norunt
645 3846 774 3910 ⁸metuere
796 3839 847 3919 qui
868 3860 974 3922 corpus
996 3839 1139 3917 occidunt,

446 3971 546 4016 omnes
567 3951 599 4012 in
620 3951 761 4032 pecuniae
781 3953 924 4014 thesauris
946 3952 1102 4028 confidunt,

446 4063 559 4125 acidos
581 4063 740 4146 (assiduos)
762 4072 791 4126 et
811 4065 926 4128 validos
948 4064 1059 4128 debiles
1081 4064 1202 4128 elidunt.
