3194 5014
737 435 781 502 35

266 629 306 686 25
394 627 425 689 si
446 627 567 695 habeat
587 627 694 690 Caesar
714 627 775 688 vim
796 627 827 690 in
850 627 990 698 electione

350 739 476 800 Romani
496 738 649 820 pontificis,
673 759 711 800 ex
732 741 788 800 hac
808 740 957 814 mixtione,

351 850 463 912 clericis
484 871 550 912 curn
571 851 654 912 laicis
675 833 751 912 fecte
771 852 922 926 scissione,

283 933 288 949 Ι
350 951 533 1042 privarenbrr
555 962 653 1024 elerici
674 983 727 1024 sua
747 962 868 1026 ditione.

266 1187 309 1245 30
351 1184 524 1265 caderetque
549 1179 609 1250 lfao
632 1184 673 1266 (i)
696 1185 750 1248 sub
773 1185 931 1261 division03

350 1299 423 1358 haec
445 1304 489 1358 est
510 1317 597 1360 causa
618 1297 649 1358 in
672 1297 797 1358 Genesis
818 1317 900 1358 secra
922 1297 1061 1358 lectione:

352 1415 448 1470 careat
468 1409 598 1470 binarius
619 1409 831 1473 benedictione.

397 1521 455 1580 Hic
477 1528 521 1581 est
541 1541 656 1600 pannus
678 1521 799 1594 bicolor,
823 1523 895 1582 haee
918 1527 961 1580 est
981 1520 1034 1582 illa
1054 1521 1151 1595 vestis,

353 1631 391 1690 de
413 1651 471 1710 que
492 1631 592 1692 scribit
612 1631 743 1706 Exedus,
766 1633 945 1711 Moysesque
965 1632 1077 1693 testies

269 1744 310 1801 35
354 1762 372 1801 a
393 1742 508 1804 duobus
529 1743 644 1818 texitur,
668 1744 784 1822 signum
806 1745 889 1806 cuius
911 1744 979 1804 estis

354 1873 417 1928 vos,
440 1874 493 1934 per
515 1873 589 1932 quos
611 1856 683 1916 haec
704 1856 859 1918 schismata
879 1855 950 1918 fiunt
971 1863 1057 1934 atque
1078 1856 1177 1936 pestis.

397 1965 494 2026 Maior
517 1972 545 2026 et
566 1966 711 2045 antiquior
733 1974 777 2028 est
797 1967 955 2047 imperialis

354 2075 481 2156 dignitas
503 2097 591 2156 quam
613 2078 682 2138 cleri
704 2077 747 2138 sio
769 2085 801 2138 ut
821 2077 1010 2157 pontificalis3

352 2187 445 2249 maior
467 2189 533 2250 dico
555 2197 696 2268 ternpore:
720 2207 833 2269 semper
856 2189 931 2248 enim
953 2189 1037 2250 malis

269 2300 312 2358 40
355 2300 474 2380 regibus
495 2300 639 2360 subiacuit
659 2307 735 2360 terra
756 2299 876 2362 laicalis.

397 2412 549 2474 Notandus
572 2412 739 2492 simpliciter
759 2412 842 2472 locus
865 2431 883 2472 a
904 2412 1015 2486 maiori,

356 2542 423 2582 nam
444 2524 594 2584 Rebeccae
615 2523 723 2586 dictum
746 2531 789 2584 est
810 2525 894 2584 Isaac
915 2523 1015 2584 uxori:

356 2634 430 2695 duos
452 2634 510 2696 fers
531 2635 562 2694 in
583 2642 665 2696 utero
687 2655 853 2715 praegnans
875 2636 942 2714 lege
963 2635 1049 2708 thori,

294 2789 300 2800 ,
358 2745 409 2806 sed
430 2747 522 2806 maior
544 2767 581 2806 ex
603 2746 700 2808 debito
723 2747 830 2809 serviet
850 2745 966 2808 minori.

272 2859 313 2916 45
400 2858 561 2936 Imperator
582 2860 661 2918 Esau
684 2866 736 2931 est,
759 2859 852 2918 maior
873 2857 990 2934 quidem
1012 2863 1090 2930 natu,

283 2993 285 2996 ·
357 2970 440 3050 Papa
461 2967 578 3047 quidem
600 2968 695 3028 Jacob
718 2975 769 3042 est,
793 2947 888 3028 mindr
910 2969 986 3030 enirn
1008 2974 1100 3042 statn3

357 3081 408 3140 ille
430 3087 542 3160 sceptro
565 3079 670 3154 rutilat,
694 3079 749 3140 iste
770 3085 928 3160 potentatu,

358 3191 408 3252 ille
429 3192 522 3252 maior
542 3191 663 3265 viribus,
687 3192 741 3252 iste
762 3191 920 3254 dominatu.

402 3303 495 3366 Orode
516 3321 615 3364 semen
638 3304 766 3377 Censen,
790 3323 889 3364 semen
911 3301 1053 3376 Ismablis,

275 3415 317 3473 50
360 3421 441 3474 estne
462 3415 554 3475 maior
576 3415 700 3476 Caesare
722 3415 772 3492 qui
793 3415 867 3493 liget
887 3414 919 3474 in
941 3412 1052 3473 oseba?

360 3525 551 3605 respondebis
573 3525 702 3600 forsitan,
725 3525 751 3586 si
772 3543 881 3604 negare
902 3524 990 3586 velis:

360 3638 436 3699 malo
459 3638 502 3697 sic
523 3637 690 3698 incredulus
712 3655 777 3698 esse
799 3657 885 3716 quem
907 3634 1009 3696 fidelis.

405 3750 512 3810 Caesar
532 3750 620 3812 babet
641 3749 780 3829 gladium,
804 3749 855 3809 sed
879 3746 1064 3820 materialem,

360 3861 439 3920 hunc
461 3861 584 3924 eundem
606 3861 746 3941 pontifex,
770 3859 822 3922 sed
844 3859 1037 3940 spiritualem

277 3972 318 4029 55
363 3971 470 4032 Caesar
492 3991 563 4052 ergo
585 3973 705 4052 suscipit
725 3991 810 4032 usum
830 3971 1017 4051 temporalem

362 4081 399 4144 ab
423 4102 457 4143 eo
480 4083 530 4162 qui
552 4082 683 4162 possidet
703 4101 802 4144 curam
823 4081 1007 4163 pastoralem.

649 4201 652 4207 .
992 4180 1031 4244 3*
