3194 5014
827 451 872 517 42

484 645 510 706 Ο
532 637 621 707 dee'us
642 641 835 719 daemonium,
859 643 947 707 deeor
966 644 1152 722 anesum,

439 758 515 839 proh
534 756 644 838 pudori
666 762 843 836 quaerente
862 755 921 816 lis?
943 756 1009 835 quis
1029 758 1167 820 tumultus
1187 757 1265 820 ista?

439 868 596 951 principes,
619 868 803 948 quiiminus
825 875 981 948 operantur
1001 869 1091 944 triete,

354 951 404 1042 60⁹
438 981 480 1044 tui
501 997 703 1062 praecursores
724 987 841 1056 suntet
862 980 1066 1060 evangelistae.

481 1093 520 1153 nt
541 1092 612 1171 quid
634 1091 748 1172 quaeris
771 1093 859 1152 alium
880 1091 933 1152 tibi
954 1111 1172 1173 praecursorem

439 1225 526 1285 quam
546 1205 628 1264 illum
649 1204 817 1265 Britanniae
838 1223 1006 1284 perversum
1027 1211 1176 1280 restorem,

439 1317 490 1396 qui
510 1315 617 1396 tripliei
638 1313 737 1394 gladio
760 1322 859 1376 tonna
880 1314 926 1374 ius
948 1321 976 1374 et
996 1335 1106 1375 morem

438 1427 620 1510 impudenter
640 1426 760 1487 messuit
780 1425 962 1486 saeerdotnm
980 1425 1104 1487 florem?

355 1543 395 1601 65
483 1538 562 1616 Quid
582 1537 673 1599 inisse
693 1537 806 1598 iaeinna
826 1536 899 1598 diois
920 1537 952 1596 in
973 1535 1113 1599 Simone?

439 1651 510 1730 quid
530 1652 675 1712 Neronem
696 1649 819 1710 ventiles
842 1648 879 1709 do
900 1648 1066 1710 seditione?

439 1783 492 1824 rex
513 1763 564 1842 qui
583 1762 679 1844 pordit
698 1761 862 1842 praesulem
882 1762 914 1820 in
934 1759 1099 1842 proditione

438 1894 471 1936 re
491 1893 562 1935 vera
582 1873 720 1934 neronior
742 1879 785 1934 est
805 1873 870 1952 ipso
891 1875 1017 1935 Nerone.

481 1985 550 2046 Hoc
571 1985 666 2046 solum
687 1984 723 2044 de
744 1985 879 2064 praeside
899 1985 985 2044 nobis
1006 1991 1050 2044 est
1070 1984 1206 2060 invisum,
1321 1981 1324 1989 ⁸

355 2101 396 2158 70
438 2098 519 2178 quod
541 2098 567 2158 ei
589 2097 726 2176 martyrio
744 2087 836 2177 ‘eaput
858 2104 900 2156 est
921 2095 1081 2172 abscisum

438 2229 506 2270 nam
528 2229 613 2289 quem
633 2229 688 2290 pro
710 2209 817 2270 iustitia
839 2209 973 2270 novimus
995 2209 1122 2272 oooisum

439 2320 576 2381 memisse
598 2321 692 2399 potuit
712 2321 769 2380 sibi
789 2320 965 2400 paradisum.

479 2429 589 2491 Audito
612 2429 771 2511 Tisiphone
791 2431 899 2490 tonitru
921 2431 1038 2506 sororia,

437 2543 580 2604 desiccata
601 2541 683 2604 sanie
704 2541 781 2602 eirea
800 2542 889 2602 rietus
912 2543 980 2616 orie,

351 2657 392 2716 75
435 2655 599 2736 praecincta
618 2653 762 2714 velamine
783 2655 877 2714 luetur
899 2661 927 2714 et
947 2655 1085 2730 horroris,

436 2766 517 2848 quod
537 2773 631 2826 menta
652 2773 824 2846 eonoeperat
843 2765 983 2826 eruetavit
1003 2766 1083 2828 foria.
1160 2771 1170 2778 '

412 2907 423 2916 -
480 2878 574 2959 Igitur
595 2877 665 2940 dum
686 2877 765 2958 legio
787 2878 953 2958 serpentina
974 2879 1083 2960 strepit,
1204 2907 1207 2914 ’

436 2991 506 3052 dum
528 2991 604 3050 eirea
625 2989 780 3052 omsmiem
802 2997 830 3051 et
851 2991 882 3049 in
903 3009 956 3051 ora
976 2991 1060 3071 repit,

435 3102 486 3164 ubi
507 3109 566 3164 toto
588 3109 705 3183 peotore
725 3101 816 3162 furias
838 3102 978 3182 concepit,

350 3217 393 3276 80
434 3215 507 3275 haee
527 3213 682 3275 verborum
703 3211 824 3274 fulmine
844 3211 1017 3272 debaechari
1039 3213 1146 3295 eoepit:

479 3325 504 3386 Ο
516 3325 563 3387 oui
573 3331 672 3385 sontes
683 3323 793 3386 animas
804 3323 936 3386 eonoiare
948 3324 1109 3404 (eonoierei
1115 3327 1271 3409 moriensi)
1281 3327 1357 3402 lieet,

435 3456 528 3517 usque
550 3457 608 3517 quo
629 3444 658 3498 te
678 3437 805 3518 populus
827 3438 1012 3518 impotentem
1033 3437 1132 3499 diost?

435 3549 506 3610 dum
526 3549 618 3610 virtus
640 3551 765 3612 extincta
785 3550 831 3624 sit,
854 3549 954 3623 iaeeot,
976 3549 1127 3625 mendioet,

292 3641 303 3652 ³
435 3661 493 3722 iem
514 3680 574 3722 non
596 3661 710 3740 estqui
730 3659 795 3722 vitii
815 3660 928 3740 plantas
951 3659 1084 3722 madiret

351 3773 392 3834 85
478 3773 555 3834 Eoos
576 3778 679 3834 eurota
700 3771 848 3833 subiacent
867 3779 934 3833 tuae
955 3771 1066 3848 ditioni,

434 3884 602 3966 peiorantur
622 3881 748 3964 reprobi,
769 3884 966 3965 depravantur
986 3884 1067 3959 boui,

415 4126 449 4174 64
482 4125 597 4176 Thomas
614 4123 714 4176 Beeket
731 4101 751 4185 's¹
768 4125 843 4176 11⁷0.
878 4125 911 4176 ef.
929 4122 1018 4176 Gualt.
1033 4124 1175 4178 Alexandr.
1192 4124 1311 4190 vualr
1329 4126 1357 4178 ff.
