3194 5014
802 434 845 499 38

544 557 552 586 l

458 629 517 692 Sed
538 649 556 690 e
578 627 693 690 Christo
715 627 836 689 forsitan
858 635 959 689 neuter
981 635 1025 688 est
1045 629 1161 704 electus,

415 749 516 804 neuter
536 740 608 802 mihi
630 739 742 814 sufficit,
765 747 886 818 uterque
907 747 1070 823 suspectus3

415 853 513 916 nescio
537 853 602 933 quis
623 853 727 912 herum
748 851 786 910 sit
807 849 943 929 obliquus
964 851 1013 911 vel
1034 859 1139 928 rectus,

415 967 446 1028 in
468 966 584 1026 diverse
603 963 720 1024 uehunt
741 981 831 1022 unum
852 960 911 1022 duo
933 962 1051 1023 nomina
1074 972 1184 1044 pectus.

332 1083 372 1141 25
459 1077 548 1138 Suam
569 1075 701 1136 Christis
723 1071 848 1134 admodo
870 1073 985 1134 vincam
1006 1094 1067 1135 non
1088 1075 1170 1151 fodit,

416 1189 497 1252 illem
517 1194 601 1249 voret
622 1185 754 1260 ambitus,
777 1185 857 1246 illem
879 1186 1005 1246 schisma
1025 1185 1118 1262 rodit;

418 1319 527 1382 sponse
549 1298 653 1360 Christi
676 1296 808 1376 coniugis
830 1297 910 1356 iussa
932 1318 991 1358 non
1014 1297 1146 1374 custodit,

418 1432 506 1491 ssepe
527 1409 632 1470 etenim
653 1407 756 1469 mulier
777 1427 863 1485 quem
885 1409 992 1468 coniux
1014 1409 1110 1489 diligit
1131 1410 1201 1470 odit.

461 1524 576 1602 Sponsa
597 1520 666 1580 dicit
687 1519 765 1600 apud
787 1537 832 1578 se:
855 1519 925 1580 heu!
947 1539 1033 1600 quem
1056 1521 1107 1582 diu
1127 1525 1218 1584 teror!

334 1642 376 1700 30
420 1657 477 1718 quo
500 1654 546 1694 me
567 1632 642 1714 rapit
663 1631 785 1711 impetus
807 1630 990 1692 schismatis?
1013 1652 1070 1711 quo
1092 1633 1192 1696 feror?

418 1766 558 1829 sponsum
579 1765 631 1825 per
653 1763 739 1822 quem
760 1762 841 1803 meus
862 1744 910 1802 hic
931 1744 1074 1806 relevetur
1095 1765 1217 1821 moeror,

419 1859 494 1921 ultre
515 1856 688 1937 premissum
708 1859 822 1934 tempus
844 1855 946 1916 abesse
968 1859 1088 1936 queror!

462 1969 494 2030 Si
515 1989 617 2030 verum
631 1937 770 2026 'subfifius
792 1965 860 2026 lieet
880 1967 993 2042 intueri,

420 2085 477 2144 ism
499 2080 603 2142 defecit
624 2078 752 2158 dignitas
775 2084 802 2137 et
823 2077 941 2138 libertas
962 2079 1044 2153 eleri3
1111 2101 1117 2108 ·

335 2199 375 2258 35
419 2197 513 2256 Roma
533 2211 653 2273 prorsus
675 2189 778 2252 cecidit
799 2190 830 2250 in
852 2190 973 2272 eclipsin
994 2191 1065 2267 veri,

421 2314 449 2368 et
470 2306 495 2365 si
517 2322 577 2364 non
599 2301 702 2362 cecidit
722 2301 816 2382 potuit
837 2301 975 2362 eccidisse
996 2303 1098 2364 videri.

463 2419 531 2478 Non
553 2422 614 2476 eret
635 2434 652 2474 s
674 2414 800 2473 (laesere
820 2412 902 2490 Pepe
924 2413 1100 2490 statuendus,

422 2529 474 2590 sed
495 2525 654 2589 secundum
675 2543 803 2586 canones
825 2531 886 2584 eret
907 2523 1072 2604 eligendus3

421 2660 488 2701 nem
511 2638 560 2718 qui
582 2638 625 2698 sic
647 2636 762 2716 eligitur
783 2636 830 2696 hic
853 2643 895 2696 est
916 2635 1102 2712 reverendus,

336 2755 378 2814 40
421 2752 469 2812 hic
490 2759 533 2810 ter
554 2747 709 2830 praecipue
731 2747 769 2806 sit
789 2767 862 2826 pura
883 2753 977 2808 mente
999 2748 1148 2811 colendus.

464 2863 522 2936 Illi,
545 2880 597 2940 per
619 2879 693 2939 quos
714 2860 848 2920 haereses
869 2859 1080 2940 schismateque
1101 2861 1159 2922 vici

384 2949 389 2956 ¹
422 2973 577 3054 quondam,
600 2973 671 3034 mihi
693 2972 760 3032 lecti
781 2979 849 3033 sunt
869 2991 962 3049 nuper
983 2971 1107 3047 inimici3

423 3086 502 3164 quod
524 3083 624 3158 cecidi,
647 3083 758 3144 stabilis
780 3102 840 3142 non
860 3081 1003 3142 debebam
1024 3083 1095 3143 dici:

422 3196 494 3276 quid
514 3215 561 3254 me
583 3193 696 3254 felicem
716 3193 821 3252 totiens
842 3193 969 3252 iactastis
990 3194 1095 3254 enrici?

337 3311 378 3369 45
465 3308 558 3368 Nemo
579 3305 653 3366 iuste
674 3303 774 3364 vivere
796 3304 878 3364 nevit
899 3325 994 3384 neque
1014 3306 1071 3388 pie,

421 3425 553 3501 pastores
574 3415 721 3476 Ecclesiae
743 3415 810 3476 lecti
832 3424 900 3478 sunt
919 3418 1074 3498 harpyiae3

424 3549 490 3592 ecce
511 3529 569 3589 iam
590 3529 764 3607 completum
786 3534 830 3588 est
849 3528 924 3588 illud
944 3528 1103 3593 Jeremise:

424 3641 519 3702 iacent
539 3638 631 3700 sancti
652 3638 766 3718 lapides
787 3638 819 3698 in
840 3639 935 3720 espite
956 3639 1030 3702 vise.

403 3863 439 3916 28
471 3861 567 3914 Juven.
586 3858 701 3924 V1,510.

404 3985 438 4035 82
473 3980 551 4034 Ovid-
559 3978 668 4032 Heroid-
685 3977 756 4043 11‚2.

404 4102 439 4154 48
472 4101 595 4169 plateoe?
628 4095 727 4153 Jcrem.
736 4098 856 4152 umens
873 4097 919 4165 1v,
931 4100 954 4150 1.
