3194 5014
688 443 839 548 A
893 449 895 462 .

269 640 309 698 25
397 607 487 700 Adur
507 635 685 717 tergeminus
706 635 812 696 ianitor
834 635 976 710 silentum,
1030 641 1037 653 '

354 751 393 810 Et
412 757 497 810 soror
517 749 676 822 lbinacria,
699 747 795 809 flebile
816 754 988 828 portentum,

354 862 404 941 qui
425 869 515 922 totum
538 860 747 922 commaculant
766 859 848 920 sanie
870 865 1053 934 conventum,

355 979 383 1034 et
403 973 469 1034 loca
489 972 653 1051 remugiunt
675 971 760 1032 sibilo
784 977 956 1052 serpentum.

397 1084 457 1146 Sed
477 1105 538 1146 non
560 1084 610 1144 ille
633 1082 811 1146 defuitfons
834 1083 989 1157 elationis&

354 1196 430 1257 filius
453 1195 599 1276 nequitiae
621 1202 649 1256 et
668 1194 849 1275 perditionis,

358 1308 407 1388 qui
430 1308 540 1369 secabit
556 1307 707 1368 ¹saeculum
728 1307 827 1385 gladio
849 1306 1000 1380 sermonis,

251 1423 254 1428 '
355 1421 392 1480 de
415 1441 473 1499 quo
495 1419 591 1500 palam
612 1418 740 1497 loquitur
761 1437 813 1478 vas
836 1417 992 1480 electionis.

399 1532 516 1594 Cunctis
539 1551 608 1611 ergo
631 1530 734 1590 faciem
755 1531 923 1610 prominens
945 1537 1052 1590 armata

355 1632 521 1724 indignatur
543 1643 667 1722 amplius
690 1637 842 1722 expectare
863 1642 931 1716 fata,

353 1776 455 1816 verum
475 1762 508 1816 ut
527 1755 684 1816 tonitruum
705 1755 783 1816 nube
804 1753 944 1834 dissipate

354 1889 415 1928 vox
437 1885 591 1948 erumpens
613 1872 727 1945 gutture
749 1867 791 1926 sie
813 1873 857 1927 est
877 1865 1022 1926 interfata:

397 1981 487 2059 Pepe,
511 1999 586 2058 quae
607 1978 665 2038 iam
686 1997 768 2038 mora
789 1998 834 2038 me
856 1985 934 2038 tenet
954 1979 1152 2042 nasciturum?

355 2091 452 2166 fetum,
477 2090 548 2170 quid
569 2111 616 2152 me
637 2091 748 2150 detines
772 2090 887 2150 saeculo
910 2091 1083 2152 venturum?

354 2203 450 2284 pande
471 2202 558 2275 fores,
582 2201 662 2280 quod
684 2201 709 2262 si
730 2221 777 2260 me
798 2209 880 2262 tenes
903 2201 1056 2262 extiturum

354 2315 386 2374 in
408 2314 462 2375 deo
485 2313 650 2375 Beelzebub
672 2313 868 2392 conspeetu
889 2333 1011 2374 murum.

396 2427 460 2486 Iam
481 2426 567 2506 signe
588 2425 688 2488 iudicii
710 2432 813 2486 cuncta
835 2425 1025 2506 contigerumt,

355 2539 413 2602 iam
434 2538 514 2598 veuit
535 2536 688 2612 dissensio,
710 2537 774 2598 iura
795 2537 950 2616 perierunt,

354 2651 454 2724 fernes,
477 2649 665 2731 pestilentiae,
688 2649 766 2710 belle
786 2649 941 2712 timuerunt
963 2649 1151 2732 (irruerunii)

355 2764 449 2845 ipsum
471 2781 555 2822 suum
576 2762 661 2822 inferi
682 2761 768 2822 minis
790 2761 970 2822 distulerunt

325 2913 327 2921 ·
397 2875 572 2934 Miseranter
592 2873 714 2934 miseror
733 2873 854 2932 miseros
876 2874 1037 2948 Hebraeos,

350 2987 406 3066 iqui
427 2986 524 3046 verbis
546 2991 574 3045 et
596 3004 684 3065 opere
705 3003 738 3044 se
759 2983 883 3044 fatentur
903 3005 992 3060 meos,

356 3104 509 3178 expectent
529 3103 561 3157 ut
582 3096 697 3158 veniam
719 3103 747 3156 et
768 3096 904 3156 reducam
927 3115 986 3170 eos,
1091 3165 1092 3170 η

356 3216 503 3270 cinereus
525 3209 672 3269 restituam
693 3209 724 3268 in
746 3207 826 3268 Jnda
847 3207 989 3272 Judeeos.

397 3320 500 3382 Alecto
521 3319 707 3402 progredere,
730 3319 829 3397 linque
851 3289 965 3380 nostres
987 3321 1084 3396 aedes,

354 3439 387 3492 ut
407 3451 487 3493 seras
509 3429 814 3506 discordiam‚sidere
834 3429 981 3505 defoedes,

354 3543 504 3624 praedices
525 3541 679 3616 luxuriam,
703 3547 797 3602 castos
818 3539 1004 3620 Ganymedes

355 3655 398 3714 sic
419 3655 516 3715 nullos
531 3653 666 3714 inveniet
688 3653 819 3714 Christus
841 3653 1024 3715 cohaeredes.

397 3766 454 3826 His
475 3764 579 3826 Alecto
601 3765 724 3827 vocibus
746 3765 873 3845 graviter
895 3766 986 3828 accita

355 3877 450 3939 fremit
470 3877 531 3939 irae
552 3877 674 3938 stimulis
696 3877 728 3938 in
749 3897 781 3938 se
802 3877 943 3953 lacessita,

262 3979 314 4049 *55*
354 3989 443 4069 igitur
463 4010 533 4071 pree
554 3989 636 4050 rebie
656 4009 777 4051 vomens
799 3990 922 4066 aconito,

348 4101 407 4164 vdiu
428 4107 566 4182 torquens
588 4102 689 4164 oculos
710 4099 828 4164 tandem
849 4100 945 4183 coepit
965 4101 1021 4162 ita:
