3194 5014
663 439 814 546 A„

248 635 288 692 25
375 631 405 692 A
426 629 498 694 loris
520 631 682 712 suseipiuut
703 632 811 692 uultum
830 632 1019 712 pettortlem

331 760 488 828 numquam
510 744 654 824 degustati
677 751 744 806 suut
765 763 885 806 noenum
907 743 1073 823 spiritalem
1122 773 1125 778 ·

331 877 391 916 uon
412 855 552 918 hebentes
574 857 654 937 apud
675 876 707 918 se
728 862 839 938 vestem
852 855 1027 936 nuptialem,

331 974 450 1048 agentes
473 968 610 1048 operibus
632 987 730 1029 eurem
751 967 972 1030 meroeuu'elem.

194 1139 196 1142 .
374 1079 427 1140 Isti
448 1087 517 1140 suut
538 1099 614 1158 quoe
633 1079 759 1140 tumidos
781 1078 869 1138 effioit
888 1085 1025 1158 potestte,

246 1194 288 1252 30
331 1198 360 1252 et
381 1211 455 1271 quos
476 1208 634 1270 numquam
655 1189 742 1250 effluit
762 1197 922 1270 ponpeium
943 1196 1071 1270 egestses

330 1305 386 1364 hos
408 1301 529 1364 districti
550 1301 654 1364 iudicis
677 1303 822 1383 opprimet
841 1302 985 1376 maiestas,

331 1415 413 1476 ouius
435 1414 466 1474 in
488 1414 608 1476 circuitu
628 1414 728 1475 valide
748 1419 911 1494 tempestat.

374 1527 482 1587 Omnes
505 1525 641 1588 avarities
664 1533 770 1587 coeunt
791 1531 931 1586 oeetetum
950 1525 1002 1605 li),
1073 1532 1077 1538 '

332 1657 382 1700 ore
403 1639 533 1718 psalmos
554 1639 708 1712 ruminant,
731 1635 762 1696 in
784 1637 873 1698 oor'de'
893 1643 1062 1712 merentum
1105 1645 1108 1650 '

246 1751 287 1810 35
331 1769 438 1824 nonne,
461 1749 531 1810 dum
552 1769 612 1810 nou
634 1749 763 1829 cogitant
783 1749 904 1809 Domini
917 1748 1101 1823 'mandatum

331 1881 432 1922 eorum
455 1861 546 1922 oratio
568 1859 616 1924 fiet
636 1861 667 1920 in
688 1861 859 1941 peecatum?

373 1973 523 2034 Habentes
545 1973 576 2032 iu
598 1973 691 2054 capite
714 1993 803 2035 uenus
818 1971 981 2034 'senectutis
1078 1979 1081 1986 '

330 2085 454 2146 retinent
475 2085 506 2144 iu
527 2084 646 2146 renibus
667 2085 754 2148 flores
775 2085 945 2157 iuventutis3

330 2197 405 2257 mele
428 2196 485 2258 sibi
507 2197 625 2270 oonsoii,
649 2195 686 2256 tle
707 2196 757 2256 via
777 2193 892 2260 virtutis
911 2199 914 2206 '

245 2309 288 2368 40
330 2306 507 2369 insectentur
528 2307 602 2368 elios
625 2307 732 2388 gladiis
753 2307 877 2369 uentis‘

360 2421 421 2480 Ἐκ
442 2419 490 2480 his
511 2439 576 2480 esse
598 2419 735 2481 novimus
754 2419 852 2500 proles
874 2418 1050 2492 Adnmeeos,

331 2531 401 2592 dees
422 2551 483 2593 nou
504 2531 634 2612 reeipere
655 2531 709 2592 eeu
731 2551 827 2592 emam
849 2531 929 2605 deos,

331 2641 384 2703 sed
406 2651 548 2724 quotquot
569 2643 712 2704 iuvenesit
732 2643 818 2704 huius
840 2642 883 2703 rei
905 2661 980 2716 reos,

331 2753 382 2834 qui
403 2755 434 2815 in
456 2755 546 2817 eoelis
567 2755 678 2816 habitet
698 2753 830 2816 imidebit
851 2775 912 2816 eos.

245 2865 287 2924 45
374 2853 422 2926 Sie
443 2875 567 2946 pasouut
586 2867 619 2927 ut
639 2866 754 2946 ipsimet
774 2865 871 2946 potius
893 2871 1055 2944 pascuntur,

331 2977 381 3057 qui
402 2977 454 3038 vix
477 2978 515 3038 ad
536 2977 688 3038 humilium
709 2979 810 3058 pieoes
832 2975 1015 3049 ineliuentur,

331 3096 476 3150 ettamen
499 3090 660 3152 sublimiter
681 3091 724 3151 eis
746 3089 942 3163 dormientum

332 3201 547 3263 confundantur
567 3203 673 3283 panitur
695 3210 724 3263 et
744 3201 945 3263 revereanturl
977 3230 979 3236 s

375 3313 433 3390 Qui
454 3314 559 3374 bursae
581 3300 775 3374 solummodo
787 3318 929 3392 quaerunt
950 3309 1166 3391 implementum

247 3425 289 3482 50
331 3443 386 3484 nee
408 3424 515 3486 Christi
536 3424 652 3484 familiis
675 3424 1011 3496 dividuut'fmmentum
1034 3439 1036 3445 ’

332 3537 382 3615 qui
403 3537 478 3596 mule
500 3536 677 3597 dominicum
699 3535 848 3616 duplicant
868 3536 1017 3608 talentum,

263 3642 270 3646 ⁴
331 3655 512 3710 veterescent
532 3648 630 3710 miseri
652 3647 726 3708 siout
746 3648 969 3709 vestimentum.-

376 3759 449 3836 Quis
471 3761 631 3840 Mymheeo
654 3760 781 3840 praesuli
803 3759 905 3820 similis
928 3777 1006 3818 nuno
1027 3757 1123 3818 vivit?

332 3873 407 3933 Nem
428 3891 488 3952 gua
510 3871 594 3934 ouius
615 3871 684 3952 quio
705 3891 779 3952 guas
801 3871 901 3932 desem
924 3869 1077 3948 aequisivit
1098 3866 1149 3947 (l),

246 3986 287 4044 65
331 3983 410 4045 hune
432 3984 470 4044 od
485 3964 527 4044 'ee
547 3983 693 4046 Dominus
714 3983 844 4066 proemia
865 3980 976 4056 aseivit,

332 4115 406 4178 quae
428 4093 585 4164 nousidit
606 4095 709 4157 oeulus
731 4113 786 4155 nee
807 4093 885 4156 euris
907 4090 1028 4154 audivit.

980 4195 999 4258 2

1226 4063 1232 4100 l
