3194 5014
736 403 778 468 47

500 595 551 675 qui
570 595 723 658 thesauros
744 599 924 668 coacervant,

500 727 560 768 non
582 706 761 788 dispergunt,
784 705 837 768 sed
859 705 1016 768 observant

542 827 574 880 ut
594 820 736 902 pupillam
758 818 845 880 oeuli.

419 931 459 988 55
500 929 602 990 Omnia
623 929 735 994 habeus
757 936 930 1004 muneratur,

498 1061 560 1102 non
580 1041 699 1102 habenti
720 1041 920 1122 supplantatur

482 1227 484 1232 Ι
542 1153 573 1212 id
594 1153 690 1232 ipsum
712 1152 791 1232 quod
812 1151 927 1226 habuit3

499 1264 531 1324 in
552 1263 666 1358 deserto
688 1262 790 1326 muudi
812 1263 899 1324 huius

499 1355 584 1438 neme
606 1375 699 1452 floret,
722 1375 779 1436 nisi
799 1374 883 1436 euius

294 1542 296 1547 s
420 1489 461 1546 60
541 1488 630 1548 bursa
651 1487 781 1548 nondum
803 1486 914 1548 vomuit
935 1485 1081 1566 (abniti).

500 1599 595 1660 Bursa
616 1617 781 1678 praegnans
802 1597 990 1678 principatur,

400 1691 403 1696 ⁵
500 1710 673 1790 sapiensque
696 1709 881 1770 conculcatur

542 1821 568 1881 ai
589 1839 692 1882 manus
714 1840 780 1882 aere
801 1826 901 1895 vaaet3

499 1951 566 1992 nam
588 1933 614 1992 ei
634 1951 745 2012 pauper
766 1932 811 2006 sit,
835 1931 941 2013 sophie

419 2045 459 2102 65
498 2043 566 2103 vilis
588 2044 652 2106 erit.
697 2043 817 2120 Quare?
840 2044 908 2122 quia

541 2175 651 2234 pauper
673 2155 781 2234 ubique
803 2155 885 2214 iaeet.

496 2267 612 2345 Pauper
633 2267 715 2340 iacet,
739 2265 791 2326 sed
812 2265 963 2346 palpones,

498 2397 621 2456 quorum
642 2378 743 2440 blandi
766 2385 832 2444 sumt
853 2397 1010 2453 sermones,

541 2497 569 2549 et
589 2490 647 2570 ipsi
668 2499 736 2552 eunt
756 2491 860 2566 actua,

418 2603 459 2659 70
497 2599 544 2666 iuti
566 2607 634 2662 suut
655 2621 729 2680 quoa
750 2601 876 2664 mundus
899 2609 983 2676 amat,

499 2720 527 2771 et
548 2712 586 2774 de
608 2713 714 2793 quibus
734 2715 863 2793 psalmus
885 2714 1001 2778 elamat:

544 2824 640 2900 „beati
662 2824 693 2884 iu
716 2825 859 2886 maculat

498 2935 534 2994 In
555 2934 669 2996 macula
690 2941 758 2997 suut
777 2935 863 3008 beati,

498 3045 551 3105 sed
572 3065 633 3105 non
654 3053 722 3108 suut
742 3045 925 3118 immaculati,

418 3159 459 3216 75
540 3165 612 3218 teste
634 3157 824 3220 conscientia:

498 3269 602 3330 vivunt
624 3267 738 3351 [viviti]
761 3270 830 3330 leno
851 3287 932 3329 more
954 3267 1024 3342 auis,

499 3381 567 3458 quia
588 3381 619 3439 in
640 3381 726 3442 labiis
748 3381 809 3442 auis

542 3491 647 3552 diffusa
667 3499 711 3552 eet
731 3491 833 3571 gratia.

501 3603 579 3680 Quid
600 3603 670 3663 daut
692 3609 766 3664 autes
787 3601 845 3664 nisi
866 3601 974 3662 laetam

420 3716 461 3774 80
501 3721 529 3775 et
549 3715 702 3777 laborem?
723 3713 772 3776 vel
795 3733 880 3794 quem
901 3711 1024 3776 fructum

542 3827 598 3889 seit
618 3847 712 3908 genua
733 3832 763 3887 et
783 3825 920 3908 speeies?

329 4066 363 4118 72
397 4063 667 4131 Psalm.oxvn1,1.
702 4065 779 4118 Beati
795 4063 958 4118 immaculati
975 4065 1003 4116 iu
1021 4064 1074 4116 uia.
