3194 5014
715 459 760 524 43

329 654 450 736 praelati
471 673 537 716 cum
557 653 690 734 reprobis
710 653 742 712 in
763 671 890 713 errorem
910 651 998 732 proni

331 785 535 848 praecursores
555 772 623 826 tuas
644 772 711 826 sunt
731 763 932 824 incarmtioni.

373 877 466 939 Vides
486 876 518 938 in
539 876 671 937 Ecclesia
692 876 766 936 nilail
787 869 974 950 esse'raium,

247 993 288 1049 90
330 988 413 1051 vides
434 989 466 1048 in
487 987 652 1070 peceribus
675 987 756 1050 (lieri
777 995 900 1062 realum3

330 1100 432 1164 mundi
454 1108 539 1181 caput
560 1099 713 1160 schismate
735 1097 819 1160 vides
840 1097 1022 1173 infirmatum,

331 1212 414 1274 vides
437 1233 455 1272 a
475 1212 595 1272 veritate
616 1212 727 1291 Papam
748 1209 931 1272 declinatum.

340 1337 346 1365 1
374 1322 553 1384 Fridericum
575 1323 728 1383 Caesarem
750 1322 858 1402 optime
879 1321 986 1396 vidisti,

330 1435 422 1510 illum,
444 1455 497 1515 per
518 1454 604 1514 quem
625 1434 786 1494 schismatis
808 1433 919 1494 semiue
940 1433 1052 1509 sevisti3

248 1550 288 1607 95
331 1546 440 1608 idcirco
462 1546 660 1608 schismaticas
681 1545 761 1626 genti
782 1545 960 1626 praefecisti3

333 1659 398 1738 quis
419 1677 590 1738 praecursor
610 1658 714 1718 melius
735 1657 783 1718 fisi
802 1655 993 1716 Antichristi?

376 1770 515 1844 Eleusi,
537 1788 590 1848 per
611 1788 684 1848 quos
707 1768 793 1828 iubeo
815 1767 898 1828 nefas
920 1787 984 1828 esse
1005 1768 1077 1830 erui

332 1882 456 1942 aliorum
476 1880 587 1941 iudices
609 1899 794 1961 perversores
817 1879 872 1953 sui,

332 1994 393 2054 luto
415 1992 625 2074 comparabiles
646 1999 676 2052 et
697 1992 861 2052 immundae
883 1991 938 2065 sui,

227 2107 290 2164 100
330 2106 386 2165 hos
409 2103 549 2165 aduectus
572 2102 770 2184 (adiunctoeil
792 2102 868 2163 facio
890 2121 1093 2181 praecursores
1120 2102 1214 2183 (prae-

842 2213 1006 2294 cursorisi)
1029 2215 1080 2276 lui.

342 2347 343 2352 ¹
375 2328 432 2388 Hie
454 2334 597 2387 commota
617 2325 716 2387 litibus
738 2346 820 2387 meus
843 2325 949 2386 effrena
969 2325 1046 2388 Ditis

333 2438 447 2500 turrbata
468 2438 597 2501 sororiae
618 2457 688 2519 prae
709 2439 833 2498 tumultu
853 2437 922 2511 litis,

333 2551 402 2612 licet
422 2550 487 2613 fons
509 2550 682 2624 discordiae,
704 2549 773 2610 lieet
793 2549 830 2610 sit
851 2548 976 2625 immitis,

334 2663 412 2724 litem
433 2669 528 2723 tamen
545 2661 679 2722 terminat
698 2661 797 2723 verbis
819 2659 970 2742 expolitis:

231 2777 292 2835 105
379 2776 462 2835 Heul
484 2794 558 2854 gens
579 2773 778 2854 implacabilis,
801 2773 872 2834 heu!
895 2775 984 2834 chaos
1004 2780 1158 2850 austerum,

334 2886 406 2966 quid
427 2885 465 2946 ad
485 2905 549 2960 vos,
572 2884 715 2945 disserere
736 2884 774 2944 de
795 2884 912 2945 secretis
933 2884 1051 2946 renum?

334 2997 405 3059 mihi
427 2997 482 3059 soli
504 2995 649 3077 penditur,
671 2995 744 3055 mihi
765 3003 847 3076 pater
867 3015 978 3070 verum,
1000 3029 1002 3034 .

334 3110 404 3170 mihi
426 3109 482 3172 soli
504 3107 637 3189 cognitus
658 3127 794 3170 numerus
816 3107 936 3168 dierum.

377 3222 454 3281 llece
476 3220 538 3282 dies
559 3221 681 3282 veniunt
702 3220 807 3300 quibus
828 3221 917 3282 homo
939 3217 1014 3294 fiam,

166 3371 172 3382 ·
230 3335 293 3393 110
335 3352 401 3393 cum
420 3332 504 3394 terris
526 3332 672 3394 abstulero
694 3333 822 3392 veritatis
843 3331 930 3405 viem,

335 3451 367 3506 ut
387 3444 502 3504 vincam
523 3442 669 3504 miraculis
690 3444 843 3509 Euochst
864 3442 968 3518 Ellam,

336 3555 447 3618 Rachel
468 3554 539 3616 mihi
561 3555 675 3630 serviet,
699 3541 859 3616 eicaecabo
882 3554 975 3614 Liam.

379 3668 449 3728 Mea
470 3674 537 3729 sunt
558 3665 709 3742 coenobia,
732 3666 789 3728 mei
811 3674 879 3728 sunt
900 3666 1076 3739 claustrales,

335 3799 401 3842 mea
421 3786 489 3842 sunt
508 3777 670 3866 gymnasia,
693 3797 775 3840 meae
795 3778 945 3854 moniales,

233 3986 482 3996 ———--...-—

316 4130 351 4184 eo
384 4129 554 4202 new.
