3194 5014
817 1221 862 1300 lx

333 1361 565 1437 Gualtherus
574 1363 621 1435 de
630 1363 763 1435 Insula
774 1363 995 1456 praedicans
1009 1363 1244 1438 scholaribus
1256 1363 1364 1438 bonis

538 1482 578 1554 in
591 1481 718 1556 reditu
737 1504 805 1556 suo
825 1505 849 1557 a
862 1483 966 1556 ouria
979 1483 1157 1558 Romana.

645 1633 761 1702 [weges
778 1635 875 1688 lnam.
894 1635 934 1686 nt.
957 1653 982 1702 p.
995 1633 1046 1700 aa]

481 1789 530 1874 Ut
551 1815 680 1876 membra
702 1817 874 1882 cohaereant
895 1817 1020 1876 invicem
1043 1836 1107 1877 cum
1129 1815 1221 1896 capite

437 1925 561 2006 gaudete
584 1927 614 1986 in
637 1927 765 2002 domino,
791 1927 867 1987 diem
890 1928 992 1988 festum
1016 1929 1101 2008 agita,

436 2036 542 2098 hilares
565 2045 594 2098 et
615 2039 704 2099 sobrii
728 2060 791 2099 cum
812 2040 953 2119 propheta
975 2039 1075 2100 dicite:

435 2147 543 2208 laetare
565 2149 729 2211 Jerusalem
751 2157 779 2209 et
800 2157 974 2210 conventum
997 2149 1089 2210 facite.

373 2261 392 2317 5
480 2261 556 2320 Anto
578 2262 676 2340 legum
698 2262 832 2323 dominos
854 2269 882 2322 et
903 2263 1057 2343 magistros
1080 2260 1183 2322 artium

436 2391 575 2451 usurpare
596 2372 699 2432 videor
721 2371 846 2432 doctoris
870 2373 1003 2447 officium,

435 2490 466 2544 ut
487 2483 628 2543 sermonis
651 2483 737 2562 epulo
760 2484 886 2544 relevem
908 2484 1056 2558 ieiunium,

435 2615 499 2656 oum
521 2594 652 2655 fortassis
674 2614 750 2654 unus
773 2595 826 2654 sim
848 2596 942 2674 minus
965 2595 1147 2675 sapientium.

434 2706 493 2766 Sed
515 2706 594 2787 quod
616 2707 711 2766 minus
733 2706 826 2766 habeo
850 2709 961 2786 supple,
985 2707 1069 2767 dator
1091 2706 1228 2782 omnium,

350 2819 390 2876 10
433 2824 463 2879 tu
487 2819 536 2897 qui
558 2818 643 2878 nobis
665 2817 755 2878 factus
779 2837 818 2891 es,
843 2819 978 2893 Domine,
1005 2819 1158 2898 refugium.

462 2940 547 2998 Homo
561 2945 667 3012 quidam
680 2953 756 3014 pater
769 2945 885 2998 familias
902 2945 966 2998 iecit
983 2950 1168 2998 testamentum
1185 2947 1279 3012 inquo
1296 2961 1357 2998 usu-

433 3041 546 3092 fructum
564 3041 698 3108 cujusdam
720 3041 811 3092 domus
829 3041 960 3108 pretiosae
978 3041 1062 3092 tribus
1076 3040 1232 3093 haeredibus
1247 3041 1357 3108 legavit.

474 3155 588 3214 Domus
610 3174 696 3233 quam
718 3153 914 3234 praediximus
937 3152 1040 3214 domus
1062 3159 1105 3213 est
1127 3153 1271 3229 scientiae,

432 3285 518 3343 quam
539 3265 656 3344 reliquit
676 3264 820 3326 Dominus
842 3264 968 3326 hominis
992 3263 1150 3326 industriae

431 3383 463 3436 ut
484 3344 753 3458 fruatus’peroipiat
774 3376 853 3438 illius
874 3376 1052 3456 prudentiae,

431 3486 467 3546 de
490 3507 548 3566 qua
570 3488 668 3548 scribit
689 3487 773 3549 lectio
795 3488 862 3548 libri
885 3488 1057 3570 Sapientiae.

346 3600 385 3658 15
473 3599 597 3661 Ordines
620 3599 795 3661 scholarium
817 3600 965 3661 discordes
988 3608 1016 3660 et
1037 3599 1119 3675 varii,

428 3718 487 3772 tres
509 3721 576 3772 sunt
598 3712 755 3793 sapientiae
776 3711 843 3772 faeti
865 3711 1021 3787 fructuarii,

430 3843 552 3904 quorum
574 3824 641 3902 qnia
663 3824 721 3884 duo
745 3831 811 3884 sunt
833 3843 937 3903 segnes
961 3822 1093 3903 operarii,

428 3956 488 3996 non
510 3934 665 3996 reddentur
686 3935 811 4014 singulis
833 3934 942 4014 singuli
964 3934 1085 3994 denarii.
1210 4017 1218 4028 „

469 4048 585 4108 Primus
608 4047 680 4108 ordo
703 4047 830 4107 continet
852 4046 997 4108 scholares
1019 4045 1231 4126 grammaticos,

343 4159 384 4220 20
426 4158 540 4244 logicos
563 4167 591 4224 et
612 4161 741 4222 rethores
763 4167 848 4239 atque
870 4157 1095 4240 mathematicos,
