<?xml version="1.0" encoding="UTF-8"?>
<!DOCTYPE html PUBLIC "-//W3C//DTD XHTML 1.0 Transitional//EN"
    "http://www.w3.org/TR/xhtml1/DTD/xhtml1-transitional.dtd">
<html xmlns="http://www.w3.org/1999/xhtml" xml:lang="en" lang="en">
 <head>
  <title>
</title>
<meta http-equiv="Content-Type" content="text/html;charset=utf-8" />
  <meta name='ocr-system' content='tesseract 3.04.00' />
  <meta name='ocr-capabilities' content='ocr_page ocr_carea ocr_par ocr_line ocrx_word'/>
</head>
<body>
  <div class='ocr_page' id='page_1' title='image "./diezehngedichte00waltgoog_0043.png"; bbox 0 0 3194 5014; ppageno 0'>
   <div class='ocr_carea' id='block_1_1' title="bbox 831 433 874 498">
    <p class='ocr_par' dir='ltr' id='par_1_1' title="bbox 831 433 874 498">
     <span class='ocr_line' id='line_1_1' title="bbox 831 433 874 498; baseline 0 0"><span class='ocrx_word' id='word_1_1' title='bbox 831 433 874 498; x_wconf 88' lang='grc'><strong>36</strong></span> 
     </span>
    </p>
   </div>
   <div class='ocr_carea' id='block_1_2' title="bbox 780 529 929 538">
    <p class='ocr_par' dir='ltr' id='par_1_2' title="bbox 780 529 929 538">
     <span class='ocr_line' id='line_1_2' title="bbox 780 529 929 538; baseline 0.007 -1"><span class='ocrx_word' id='word_1_2' title='bbox 780 529 929 538; x_wconf 74' lang='lat'><strong>-——--</strong></span> 
     </span>
    </p>
   </div>
   <div class='ocr_carea' id='block_1_3' title="bbox 444 611 1220 818">
    <p class='ocr_par' dir='ltr' id='par_1_3' title="bbox 444 611 1220 818">
     <span class='ocr_line' id='line_1_3' title="bbox 487 611 1220 706; baseline -0.001 -20"><span class='ocrx_word' id='word_1_3' title='bbox 487 627 599 706; x_wconf 88' lang='lat' dir='ltr'><strong>Papam</strong></span> <span class='ocrx_word' id='word_1_4' title='bbox 619 645 763 688; x_wconf 89' lang='lat' dir='ltr'><strong>summum</strong></span> <span class='ocrx_word' id='word_1_5' title='bbox 784 615 915 688; x_wconf 84' lang='lat' dir='ltr'><strong>nominet</strong></span> <span class='ocrx_word' id='word_1_6' title='bbox 935 645 1006 688; x_wconf 89' lang='lat' dir='ltr'><strong>usus</strong></span> <span class='ocrx_word' id='word_1_7' title='bbox 1027 611 1147 686; x_wconf 84' lang='lat' dir='ltr'><strong>rationis</strong></span> <span class='ocrx_word' id='word_1_8' title='bbox 1216 647 1220 652; x_wconf 91' lang='lat'><em>·</em></span> 
     </span>
     <span class='ocr_line' id='line_1_4' title="bbox 444 737 986 818; baseline 0 -18"><span class='ocrx_word' id='word_1_9' title='bbox 444 737 571 818; x_wconf 89' lang='lat' dir='ltr'><strong>quodam</strong></span> <span class='ocrx_word' id='word_1_10' title='bbox 591 739 746 818; x_wconf 83' lang='lat' dir='ltr'><strong>privilegio</strong></span> <span class='ocrx_word' id='word_1_11' title='bbox 769 739 986 813; x_wconf 80' lang='lat' dir='ltr'><strong>dominationis3</strong></span> 
     </span>
    </p>
   </div>
   <div class='ocr_carea' id='block_1_4' title="bbox 359 848 1367 1154">
    <p class='ocr_par' dir='ltr' id='par_1_4' title="bbox 359 848 1367 1154">
     <span class='ocr_line' id='line_1_5' title="bbox 444 848 1094 930; baseline -0.002 -20"><span class='ocrx_word' id='word_1_12' title='bbox 444 870 505 911; x_wconf 89' lang='lat' dir='ltr'><strong>non</strong></span> <span class='ocrx_word' id='word_1_13' title='bbox 527 871 597 930; x_wconf 85' lang='lat' dir='ltr'><strong>ergo</strong></span> <span class='ocrx_word' id='word_1_14' title='bbox 619 851 736 911; x_wconf 88' lang='lat' dir='ltr'><strong>maioris</strong></span> <span class='ocrx_word' id='word_1_15' title='bbox 759 859 802 911; x_wconf 91' lang='lat' dir='ltr'><strong>est</strong></span> <span class='ocrx_word' id='word_1_16' title='bbox 823 848 930 911; x_wconf 77' lang='lat' dir='ltr'><strong>Caesar</strong></span> <span class='ocrx_word' id='word_1_17' title='bbox 951 850 1094 924; x_wconf 87' lang='lat' dir='ltr'><strong>dictionis,</strong></span> 
     </span>
     <span class='ocr_line' id='line_1_6' title="bbox 359 961 1109 1041; baseline 0 -21"><span class='ocrx_word' id='word_1_18' title='bbox 359 963 401 1020; x_wconf 84' lang='grc'><strong>60</strong></span> <span class='ocrx_word' id='word_1_19' title='bbox 443 962 492 1022; x_wconf 88' lang='lat' dir='ltr'><strong>vel</strong></span> <span class='ocrx_word' id='word_1_20' title='bbox 513 961 622 1041; x_wconf 86' lang='lat' dir='ltr'><strong>gradus</strong></span> <span class='ocrx_word' id='word_1_21' title='bbox 644 969 712 1021; x_wconf 87' lang='lat' dir='ltr'><strong>sunt</strong></span> <span class='ocrx_word' id='word_1_22' title='bbox 733 969 855 1040; x_wconf 90' lang='lat' dir='ltr'><strong>quatuor</strong></span> <span class='ocrx_word' id='word_1_23' title='bbox 877 961 1109 1041; x_wconf 87' lang='lat' dir='ltr'><strong>comparationis.</strong></span> 
     </span>
     <span class='ocr_line' id='line_1_7' title="bbox 487 1055 1367 1154; baseline 0 -22"><span class='ocrx_word' id='word_1_24' title='bbox 487 1075 578 1133; x_wconf 84' lang='lat' dir='ltr'><strong>Extra</strong></span> <span class='ocrx_word' id='word_1_25' title='bbox 599 1093 740 1134; x_wconf 91' lang='lat' dir='ltr'><strong>summum</strong></span> <span class='ocrx_word' id='word_1_26' title='bbox 762 1073 836 1133; x_wconf 90' lang='lat' dir='ltr'><strong>nihil</strong></span> <span class='ocrx_word' id='word_1_27' title='bbox 858 1082 910 1147; x_wconf 89' lang='lat' dir='ltr'><strong>est,</strong></span> <span class='ocrx_word' id='word_1_28' title='bbox 932 1055 971 1132; x_wconf 82' lang='lat' dir='ltr'><strong>ne</strong></span> <span class='ocrx_word' id='word_1_29' title='bbox 993 1073 1024 1149; x_wconf 90' lang='lat' dir='ltr'><strong>(l.</strong></span> <span class='ocrx_word' id='word_1_30' title='bbox 1037 1074 1079 1154; x_wconf 90' lang='grc' dir='ltr'>ιιι)</span> <span class='ocrx_word' id='word_1_31' title='bbox 1102 1073 1206 1152; x_wconf 89' lang='lat' dir='ltr'><strong>loquar</strong></span> <span class='ocrx_word' id='word_1_32' title='bbox 1221 1091 1367 1153; x_wconf 87' lang='lat' dir='ltr'><strong>expresse,</strong></span> 
     </span>
    </p>
   </div>
   <div class='ocr_carea' id='block_1_5' title="bbox 292 1185 1320 4162">
    <p class='ocr_par' dir='ltr' id='par_1_5' title="bbox 354 1185 1215 1484">
     <span class='ocr_line' id='line_1_8' title="bbox 354 1185 1130 1264; baseline 0.005 -24"><span class='ocrx_word' id='word_1_33' title='bbox 354 1230 362 1240; x_wconf 86' lang='lat'><strong><em>.</em></strong></span> <span class='ocrx_word' id='word_1_34' title='bbox 444 1192 472 1246; x_wconf 88' lang='lat' dir='ltr'><strong>et</strong></span> <span class='ocrx_word' id='word_1_35' title='bbox 493 1205 548 1244; x_wconf 89' lang='lat' dir='ltr'><strong>nec</strong></span> <span class='ocrx_word' id='word_1_36' title='bbox 569 1204 680 1245; x_wconf 91' lang='lat' dir='ltr'><strong>summo</strong></span> <span class='ocrx_word' id='word_1_37' title='bbox 703 1185 831 1263; x_wconf 89' lang='lat' dir='ltr'><strong>praesuli</strong></span> <span class='ocrx_word' id='word_1_38' title='bbox 848 1185 956 1264; x_wconf 88' lang='lat' dir='ltr'><strong>poterit</strong></span> <span class='ocrx_word' id='word_1_39' title='bbox 977 1203 1031 1264; x_wconf 92' lang='lat' dir='ltr'><strong>par</strong></span> <span class='ocrx_word' id='word_1_40' title='bbox 1053 1203 1130 1258; x_wconf 87' lang='lat' dir='ltr'><strong>esse;</strong></span> 
     </span>
     <span class='ocr_line' id='line_1_9' title="bbox 444 1295 1215 1376; baseline -0.001 -21"><span class='ocrx_word' id='word_1_41' title='bbox 444 1295 545 1374; x_wconf 88' lang='lat' dir='ltr'><strong>quidni</strong></span> <span class='ocrx_word' id='word_1_42' title='bbox 568 1295 639 1376; x_wconf 61' lang='grc' dir='ltr'>(ιιι)</span> <span class='ocrx_word' id='word_1_43' title='bbox 662 1304 775 1355; x_wconf 84' lang='lat' dir='ltr'><strong>constet</strong></span> <span class='ocrx_word' id='word_1_44' title='bbox 796 1295 926 1374; x_wconf 76' lang='lat' dir='ltr'><strong>gladium</strong></span> <span class='ocrx_word' id='word_1_45' title='bbox 948 1296 1069 1355; x_wconf 81' lang='lat' dir='ltr'><strong>alterum</strong></span> <span class='ocrx_word' id='word_1_46' title='bbox 1091 1295 1215 1356; x_wconf 73' lang='lat' dir='ltr'><strong>deesse?</strong></span> 
     </span>
     <span class='ocr_line' id='line_1_10' title="bbox 443 1406 1104 1484; baseline 0.002 -18"><span class='ocrx_word' id='word_1_47' title='bbox 443 1406 537 1484; x_wconf 86' lang='lat' dir='ltr'><strong>Igitur</strong></span> <span class='ocrx_word' id='word_1_48' title='bbox 558 1413 590 1466; x_wconf 91' lang='lat' dir='ltr'><strong>ut</strong></span> <span class='ocrx_word' id='word_1_49' title='bbox 610 1406 705 1466; x_wconf 91' lang='lat' dir='ltr'><strong>minor</strong></span> <span class='ocrx_word' id='word_1_50' title='bbox 727 1408 763 1466; x_wconf 89' lang='lat' dir='ltr'><strong>sit</strong></span> <span class='ocrx_word' id='word_1_51' title='bbox 785 1409 891 1467; x_wconf 82' lang='lat' dir='ltr'><strong>Caesar</strong></span> <span class='ocrx_word' id='word_1_52' title='bbox 913 1415 956 1467; x_wconf 89' lang='lat' dir='ltr'><strong>est</strong></span> <span class='ocrx_word' id='word_1_53' title='bbox 977 1427 1104 1467; x_wconf 89' lang='lat' dir='ltr'><strong>necesse.</strong></span> 
     </span>
    </p>

    <p class='ocr_par' dir='ltr' id='par_1_6' title="bbox 358 1517 1161 1930">
     <span class='ocr_line' id='line_1_11' title="bbox 358 1517 1109 1578; baseline 0.003 -2"><span class='ocrx_word' id='word_1_54' title='bbox 358 1519 399 1576; x_wconf 84' lang='grc'><strong>65</strong></span> <span class='ocrx_word' id='word_1_55' title='bbox 485 1517 656 1578; x_wconf 77' lang='lat' dir='ltr'><strong>Alexander</strong></span> <span class='ocrx_word' id='word_1_56' title='bbox 677 1517 803 1578; x_wconf 79' lang='lat' dir='ltr'><strong>Macedo</strong></span> <span class='ocrx_word' id='word_1_57' title='bbox 825 1518 950 1578; x_wconf 91' lang='lat' dir='ltr'><strong>domitor</strong></span> <span class='ocrx_word' id='word_1_58' title='bbox 970 1523 1109 1578; x_wconf 84' lang='lat' dir='ltr'><strong>terrarum</strong></span> 
     </span>
     <span class='ocr_line' id='line_1_12' title="bbox 443 1627 1129 1710; baseline 0.003 -23"><span class='ocrx_word' id='word_1_59' title='bbox 443 1627 535 1688; x_wconf 89' lang='lat' dir='ltr'><strong>tribus</strong></span> <span class='ocrx_word' id='word_1_60' title='bbox 557 1629 627 1689; x_wconf 88' lang='lat' dir='ltr'><strong>vicit</strong></span> <span class='ocrx_word' id='word_1_61' title='bbox 647 1629 759 1689; x_wconf 84' lang='lat' dir='ltr'><strong>vicibus</strong></span> <span class='ocrx_word' id='word_1_62' title='bbox 781 1629 941 1710; x_wconf 88' lang='lat' dir='ltr'><strong>principem</strong></span> <span class='ocrx_word' id='word_1_63' title='bbox 963 1632 1129 1704; x_wconf 81' lang='lat' dir='ltr'><strong>Persarum3</strong></span> 
     </span>
     <span class='ocr_line' id='line_1_13' title="bbox 443 1739 1078 1820; baseline -0.002 -20"><span class='ocrx_word' id='word_1_64' title='bbox 443 1739 612 1800; x_wconf 83' lang='lat' dir='ltr'><strong>Alexander</strong></span> <span class='ocrx_word' id='word_1_65' title='bbox 632 1739 765 1820; x_wconf 85' lang='lat' dir='ltr'><strong>pontifex</strong></span> <span class='ocrx_word' id='word_1_66' title='bbox 788 1748 815 1800; x_wconf 88' lang='lat' dir='ltr'><strong>et</strong></span> <span class='ocrx_word' id='word_1_67' title='bbox 837 1740 898 1802; x_wconf 89' lang='lat' dir='ltr'><strong>dux</strong></span> <span class='ocrx_word' id='word_1_68' title='bbox 920 1741 1078 1801; x_wconf 83' lang='lat' dir='ltr'><strong>animarum</strong></span> 
     </span>
     <span class='ocr_line' id='line_1_14' title="bbox 442 1850 1161 1930; baseline 0.003 -20"><span class='ocrx_word' id='word_1_69' title='bbox 442 1850 501 1910; x_wconf 89' lang='lat' dir='ltr'><strong>iam</strong></span> <span class='ocrx_word' id='word_1_70' title='bbox 521 1858 565 1912; x_wconf 89' lang='lat' dir='ltr'><strong>ter</strong></span> <span class='ocrx_word' id='word_1_71' title='bbox 585 1851 655 1912; x_wconf 88' lang='lat' dir='ltr'><strong>vicit</strong></span> <span class='ocrx_word' id='word_1_72' title='bbox 677 1853 829 1912; x_wconf 84' lang='lat' dir='ltr'><strong>Caesarem</strong></span> <span class='ocrx_word' id='word_1_73' title='bbox 850 1871 949 1930; x_wconf 87' lang='lat' dir='ltr'><strong>regem</strong></span> <span class='ocrx_word' id='word_1_74' title='bbox 970 1853 1161 1912; x_wconf 86' lang='lat' dir='ltr'><strong>tenebrarum.</strong></span> 
     </span>
    </p>

    <p class='ocr_par' dir='ltr' id='par_1_7' title="bbox 485 1961 1146 2044">
     <span class='ocr_line' id='line_1_15' title="bbox 485 1961 1146 2044; baseline 0.005 -24"><span class='ocrx_word' id='word_1_75' title='bbox 485 1961 595 2043; x_wconf 78' lang='lat' dir='ltr'><strong>Accipe</strong></span> <span class='ocrx_word' id='word_1_76' title='bbox 616 1983 669 2042; x_wconf 89' lang='lat' dir='ltr'><strong>per</strong></span> <span class='ocrx_word' id='word_1_77' title='bbox 690 1963 812 2023; x_wconf 62' lang='lat' dir='ltr'><strong>Darium</strong></span> <span class='ocrx_word' id='word_1_78' title='bbox 832 1964 910 2024; x_wconf 91' lang='lat' dir='ltr'><strong>hunc</strong></span> <span class='ocrx_word' id='word_1_79' title='bbox 932 1964 1146 2044; x_wconf 87' lang='lat' dir='ltr'><strong>Imperatorem,</strong></span> 
     </span>
    </p>

    <p class='ocr_par' dir='ltr' id='par_1_8' title="bbox 292 2063 1146 2377">
     <span class='ocr_line' id='line_1_16' title="bbox 292 2063 1146 2154; baseline 0.004 -22"><span class='ocrx_word' id='word_1_80' title='bbox 292 2137 295 2142; x_wconf 61' lang='grc'>,</span> <span class='ocrx_word' id='word_1_81' title='bbox 358 2075 400 2133; x_wconf 88' lang='grc'><strong>70</strong></span> <span class='ocrx_word' id='word_1_82' title='bbox 443 2074 493 2153; x_wconf 92' lang='lat' dir='ltr'><strong>qui</strong></span> <span class='ocrx_word' id='word_1_83' title='bbox 514 2063 707 2154; x_wconf 83' lang='lat' dir='ltr'><strong>praesumpsit</strong></span> <span class='ocrx_word' id='word_1_84' title='bbox 729 2073 840 2134; x_wconf 80' lang='lat' dir='ltr'><strong>clericis</strong></span> <span class='ocrx_word' id='word_1_85' title='bbox 861 2093 971 2154; x_wconf 90' lang='lat' dir='ltr'><strong>ponere</strong></span> <span class='ocrx_word' id='word_1_86' title='bbox 991 2080 1146 2154; x_wconf 82' lang='lat' dir='ltr'><strong>pastorem,</strong></span> 
     </span>
     <span class='ocr_line' id='line_1_17' title="bbox 442 2183 1134 2266; baseline 0.003 -22"><span class='ocrx_word' id='word_1_87' title='bbox 442 2183 495 2245; x_wconf 88' lang='lat' dir='ltr'><strong>sed</strong></span> <span class='ocrx_word' id='word_1_88' title='bbox 517 2185 624 2246; x_wconf 89' lang='lat' dir='ltr'><strong>devicit</strong></span> <span class='ocrx_word' id='word_1_89' title='bbox 643 2186 776 2266; x_wconf 83' lang='lat' dir='ltr'><strong>pontifex</strong></span> <span class='ocrx_word' id='word_1_90' title='bbox 797 2186 958 2246; x_wconf 78' lang='lat' dir='ltr'><strong>schismatis</strong></span> <span class='ocrx_word' id='word_1_91' title='bbox 981 2193 1134 2260; x_wconf 87' lang='lat' dir='ltr'><strong>auctorem,</strong></span> 
     </span>
     <span class='ocr_line' id='line_1_18' title="bbox 443 2297 1071 2377; baseline 0 -21"><span class='ocrx_word' id='word_1_92' title='bbox 443 2303 556 2356; x_wconf 86' lang='lat' dir='ltr'><strong>etcum</strong></span> <span class='ocrx_word' id='word_1_93' title='bbox 577 2297 642 2376; x_wconf 91' lang='lat' dir='ltr'><strong>ipso</strong></span> <span class='ocrx_word' id='word_1_94' title='bbox 664 2297 757 2377; x_wconf 88' lang='lat' dir='ltr'><strong>potuit</strong></span> <span class='ocrx_word' id='word_1_95' title='bbox 777 2298 893 2358; x_wconf 87' lang='lat' dir='ltr'><strong>vincere</strong></span> <span class='ocrx_word' id='word_1_96' title='bbox 914 2298 1071 2359; x_wconf 91' lang='lat' dir='ltr'><strong>Victorem.</strong></span> 
     </span>
    </p>

    <p class='ocr_par' dir='ltr' id='par_1_9' title="bbox 441 2406 1163 2598">
     <span class='ocr_line' id='line_1_19' title="bbox 485 2406 1163 2490; baseline 0 -22"><span class='ocrx_word' id='word_1_97' title='bbox 485 2408 558 2468; x_wconf 85' lang='lat' dir='ltr'><strong>Gum</strong></span> <span class='ocrx_word' id='word_1_98' title='bbox 579 2406 727 2490; x_wconf 86' lang='lat' dir='ltr'><strong>Victorem</strong></span> <span class='ocrx_word' id='word_1_99' title='bbox 747 2407 874 2487; x_wconf 88' lang='lat' dir='ltr'><strong>perdidit</strong></span> <span class='ocrx_word' id='word_1_100' title='bbox 895 2409 1031 2468; x_wconf 82' lang='lat' dir='ltr'><strong>cathedra</strong></span> <span class='ocrx_word' id='word_1_101' title='bbox 1052 2409 1163 2468; x_wconf 83' lang='lat' dir='ltr'><strong>venaIIs</strong></span> 
     </span>
     <span class='ocr_line' id='line_1_20' title="bbox 441 2519 1035 2598; baseline 0.003 -20"><span class='ocrx_word' id='word_1_102' title='bbox 441 2519 611 2580; x_wconf 85' lang='lat' dir='ltr'><strong>Paschalcm</strong></span> <span class='ocrx_word' id='word_1_103' title='bbox 633 2519 777 2579; x_wconf 85' lang='lat' dir='ltr'><strong>substituit</strong></span> <span class='ocrx_word' id='word_1_104' title='bbox 796 2519 842 2580; x_wconf 89' lang='lat' dir='ltr'><strong>vis</strong></span> <span class='ocrx_word' id='word_1_105' title='bbox 863 2519 1035 2598; x_wconf 80' lang='lat' dir='ltr'><strong>imperialis3</strong></span> 
     </span>
    </p>

    <p class='ocr_par' dir='ltr' id='par_1_10' title="bbox 357 2629 1150 2710">
     <span class='ocr_line' id='line_1_21' title="bbox 357 2629 1150 2710; baseline 0.001 -19"><span class='ocrx_word' id='word_1_106' title='bbox 357 2633 397 2691; x_wconf 81' lang='lat'><strong>75</strong></span> <span class='ocrx_word' id='word_1_107' title='bbox 441 2629 494 2691; x_wconf 91' lang='lat' dir='ltr'><strong>sed</strong></span> <span class='ocrx_word' id='word_1_108' title='bbox 516 2630 553 2690; x_wconf 88' lang='lat' dir='ltr'><strong>ad</strong></span> <span class='ocrx_word' id='word_1_109' title='bbox 574 2638 694 2691; x_wconf 89' lang='lat' dir='ltr'><strong>mortem</strong></span> <span class='ocrx_word' id='word_1_110' title='bbox 714 2631 827 2692; x_wconf 84' lang='lat' dir='ltr'><strong>transiit</strong></span> <span class='ocrx_word' id='word_1_111' title='bbox 847 2651 959 2710; x_wconf 85' lang='lat' dir='ltr'><strong>poenae</strong></span> <span class='ocrx_word' id='word_1_112' title='bbox 980 2631 1150 2706; x_wconf 85' lang='lat' dir='ltr'><strong>ichennalis,</strong></span> 
     </span>
    </p>

    <p class='ocr_par' dir='ltr' id='par_1_11' title="bbox 441 2741 1187 2930">
     <span class='ocr_line' id='line_1_22' title="bbox 441 2741 1187 2823; baseline 0 -21"><span class='ocrx_word' id='word_1_113' title='bbox 441 2763 509 2803; x_wconf 91' lang='lat' dir='ltr'><strong>nam</strong></span> <span class='ocrx_word' id='word_1_114' title='bbox 530 2763 548 2802; x_wconf 90' lang='lat' dir='ltr'><strong>a</strong></span> <span class='ocrx_word' id='word_1_115' title='bbox 568 2743 677 2823; x_wconf 89' lang='lat' dir='ltr'><strong>pascha</strong></span> <span class='ocrx_word' id='word_1_116' title='bbox 698 2741 791 2804; x_wconf 89' lang='lat' dir='ltr'><strong>dictus</strong></span> <span class='ocrx_word' id='word_1_117' title='bbox 814 2750 856 2802; x_wconf 89' lang='lat' dir='ltr'><strong>est</strong></span> <span class='ocrx_word' id='word_1_118' title='bbox 876 2743 1011 2804; x_wconf 85' lang='lat' dir='ltr'><strong>transitus</strong></span> <span class='ocrx_word' id='word_1_119' title='bbox 1034 2744 1187 2822; x_wconf 85' lang='lat' dir='ltr'><strong>paschalis.</strong></span> 
     </span>
     <span class='ocr_line' id='line_1_23' title="bbox 484 2853 1174 2930; baseline 0.003 -16"><span class='ocrx_word' id='word_1_120' title='bbox 484 2854 542 2914; x_wconf 90' lang='lat' dir='ltr'><strong>His</strong></span> <span class='ocrx_word' id='word_1_121' title='bbox 563 2855 701 2914; x_wconf 88' lang='lat' dir='ltr'><strong>successit</strong></span> <span class='ocrx_word' id='word_1_122' title='bbox 721 2855 829 2930; x_wconf 86' lang='lat' dir='ltr'><strong>tertius,</strong></span> <span class='ocrx_word' id='word_1_123' title='bbox 853 2853 948 2916; x_wconf 84' lang='lat' dir='ltr'><strong>novus</strong></span> <span class='ocrx_word' id='word_1_124' title='bbox 969 2855 1174 2928; x_wconf 87' lang='lat' dir='ltr'><strong>Antichristus,</strong></span> 
     </span>
    </p>

    <p class='ocr_par' dir='ltr' id='par_1_12' title="bbox 440 2966 1099 3047">
     <span class='ocr_line' id='line_1_24' title="bbox 440 2966 1099 3047; baseline 0 -20"><span class='ocrx_word' id='word_1_125' title='bbox 440 2967 541 3047; x_wconf 87' lang='lat' dir='ltr'><strong>spiritu</strong></span> <span class='ocrx_word' id='word_1_126' title='bbox 563 2987 648 3045; x_wconf 91' lang='lat' dir='ltr'><strong>quem</strong></span> <span class='ocrx_word' id='word_1_127' title='bbox 671 2966 791 3028; x_wconf 81' lang='lat' dir='ltr'><strong>destruit</strong></span> <span class='ocrx_word' id='word_1_128' title='bbox 812 2968 870 3028; x_wconf 88' lang='lat' dir='ltr'><strong>oris</strong></span> <span class='ocrx_word' id='word_1_129' title='bbox 892 2968 937 3028; x_wconf 87' lang='lat' dir='ltr'><strong>eui</strong></span> <span class='ocrx_word' id='word_1_130' title='bbox 960 2968 1099 3042; x_wconf 79' lang='lat' dir='ltr'><strong>Christus,</strong></span> 
     </span>
    </p>

    <p class='ocr_par' dir='ltr' id='par_1_13' title="bbox 441 3078 1125 3156">
     <span class='ocr_line' id='line_1_25' title="bbox 441 3078 1125 3156; baseline 0 -18"><span class='ocrx_word' id='word_1_131' title='bbox 441 3097 509 3138; x_wconf 91' lang='lat' dir='ltr'><strong>nam</strong></span> <span class='ocrx_word' id='word_1_132' title='bbox 531 3078 599 3156; x_wconf 88' lang='lat' dir='ltr'><strong>quia</strong></span> <span class='ocrx_word' id='word_1_133' title='bbox 620 3079 806 3138; x_wconf 83' lang='lat' dir='ltr'><strong>Teuthonieis</strong></span> <span class='ocrx_word' id='word_1_134' title='bbox 829 3086 872 3138; x_wconf 88' lang='lat' dir='ltr'><strong>est</strong></span> <span class='ocrx_word' id='word_1_135' title='bbox 892 3078 997 3138; x_wconf 85' lang='lat' dir='ltr'><strong>iniuste</strong></span> <span class='ocrx_word' id='word_1_136' title='bbox 1018 3079 1125 3138; x_wconf 89' lang='lat' dir='ltr'><strong>mixtus</strong></span> 
     </span>
    </p>

    <p class='ocr_par' dir='ltr' id='par_1_14' title="bbox 356 3189 1109 3268">
     <span class='ocr_line' id='line_1_26' title="bbox 356 3189 1109 3268; baseline 0 -20"><span class='ocrx_word' id='word_1_137' title='bbox 356 3190 398 3248; x_wconf 87' lang='lat'><strong>80</strong></span> <span class='ocrx_word' id='word_1_138' title='bbox 440 3209 527 3268; x_wconf 91' lang='lat' dir='ltr'><strong>super</strong></span> <span class='ocrx_word' id='word_1_139' title='bbox 548 3189 648 3248; x_wconf 90' lang='lat' dir='ltr'><strong>mortis</strong></span> <span class='ocrx_word' id='word_1_140' title='bbox 670 3190 799 3268; x_wconf 87' lang='lat' dir='ltr'><strong>calycem</strong></span> <span class='ocrx_word' id='word_1_141' title='bbox 821 3189 947 3268; x_wconf 82' lang='lat' dir='ltr'><strong>gustabit</strong></span> <span class='ocrx_word' id='word_1_142' title='bbox 969 3189 1109 3249; x_wconf 81' lang='lat' dir='ltr'><strong>Galixtus.</strong></span> 
     </span>
    </p>

    <p class='ocr_par' dir='ltr' id='par_1_15' title="bbox 439 3298 1320 3718">
     <span class='ocr_line' id='line_1_27' title="bbox 482 3298 1320 3381; baseline -0.002 -21"><span class='ocrx_word' id='word_1_143' title='bbox 482 3301 576 3379; x_wconf 85' lang='lat' dir='ltr'><strong>Igitur</strong></span> <span class='ocrx_word' id='word_1_144' title='bbox 598 3300 623 3360; x_wconf 90' lang='lat' dir='ltr'><strong>si</strong></span> <span class='ocrx_word' id='word_1_145' title='bbox 643 3320 714 3360; x_wconf 86' lang='lat' dir='ltr'><strong>vera</strong></span> <span class='ocrx_word' id='word_1_146' title='bbox 736 3301 794 3360; x_wconf 88' lang='lat' dir='ltr'><strong>sint</strong></span> <span class='ocrx_word' id='word_1_147' title='bbox 815 3301 870 3362; x_wconf 89' lang='lat' dir='ltr'><strong>ista</strong></span> <span class='ocrx_word' id='word_1_148' title='bbox 892 3321 967 3380; x_wconf 87' lang='lat' dir='ltr'><strong>quae</strong></span> <span class='ocrx_word' id='word_1_149' title='bbox 988 3300 1107 3381; x_wconf 86' lang='lat' dir='ltr'><strong>promisi</strong></span> <span class='ocrx_word' id='word_1_150' title='bbox 1130 3298 1162 3379; x_wconf 92' lang='lat' dir='ltr'><strong>(l.</strong></span> <span class='ocrx_word' id='word_1_151' title='bbox 1172 3299 1320 3380; x_wconf 85' lang='lat' dir='ltr'><strong>praemisi)</strong></span> 
     </span>
     <span class='ocr_line' id='line_1_28' title="bbox 439 3411 1026 3493; baseline 0 -21"><span class='ocrx_word' id='word_1_152' title='bbox 439 3411 513 3472; x_wconf 87' lang='lat' dir='ltr'><strong>nihil</strong></span> <span class='ocrx_word' id='word_1_153' title='bbox 533 3411 621 3472; x_wconf 88' lang='lat' dir='ltr'><strong>habet</strong></span> <span class='ocrx_word' id='word_1_154' title='bbox 641 3413 754 3492; x_wconf 89' lang='lat' dir='ltr'><strong>penitus</strong></span> <span class='ocrx_word' id='word_1_155' title='bbox 776 3414 945 3493; x_wconf 87' lang='lat' dir='ltr'><strong>Imperator,</strong></span> <span class='ocrx_word' id='word_1_156' title='bbox 969 3413 1026 3474; x_wconf 87' lang='lat' dir='ltr'><strong>nisi</strong></span> 
     </span>
     <span class='ocr_line' id='line_1_29' title="bbox 441 3523 1035 3605; baseline 0 -21"><span class='ocrx_word' id='word_1_157' title='bbox 441 3523 477 3584; x_wconf 90' lang='lat' dir='ltr'><strong>ab</strong></span> <span class='ocrx_word' id='word_1_158' title='bbox 501 3543 535 3584; x_wconf 88' lang='lat' dir='ltr'><strong>eo</strong></span> <span class='ocrx_word' id='word_1_159' title='bbox 559 3524 608 3602; x_wconf 91' lang='lat' dir='ltr'><strong>qui</strong></span> <span class='ocrx_word' id='word_1_160' title='bbox 629 3524 759 3605; x_wconf 89' lang='lat' dir='ltr'><strong>possidet</strong></span> <span class='ocrx_word' id='word_1_161' title='bbox 780 3525 877 3587; x_wconf 79' lang='lat' dir='ltr'><strong>claves</strong></span> <span class='ocrx_word' id='word_1_162' title='bbox 898 3524 1035 3605; x_wconf 86' lang='lat' dir='ltr'><strong>paradisi,</strong></span> 
     </span>
     <span class='ocr_line' id='line_1_30' title="bbox 439 3615 1057 3718; baseline -0.003 -22"><span class='ocrx_word' id='word_1_163' title='bbox 439 3643 472 3696; x_wconf 89' lang='lat' dir='ltr'><strong>ut</strong></span> <span class='ocrx_word' id='word_1_164' title='bbox 492 3635 571 3696; x_wconf 84' lang='lat' dir='ltr'><strong>Petri</strong></span> <span class='ocrx_word' id='word_1_165' title='bbox 592 3635 717 3696; x_wconf 89' lang='lat' dir='ltr'><strong>vicarius</strong></span> <span class='ocrx_word' id='word_1_166' title='bbox 739 3653 800 3695; x_wconf 91' lang='lat' dir='ltr'><strong>non</strong></span> <span class='ocrx_word' id='word_1_167' title='bbox 822 3644 866 3696; x_wconf 90' lang='lat' dir='ltr'><strong>est</strong></span> <span class='ocrx_word' id='word_1_168' title='bbox 886 3656 939 3697; x_wconf 85' lang='lat' dir='ltr'><strong>sua</strong></span> <span class='ocrx_word' id='word_1_169' title='bbox 960 3615 1057 3718; x_wconf 81' lang='lat' dir='ltr'><strong>physi.</strong></span> 
     </span>
    </p>

    <p class='ocr_par' dir='ltr' id='par_1_16' title="bbox 355 3745 1142 4162">
     <span class='ocr_line' id='line_1_31' title="bbox 355 3745 1136 3827; baseline -0.001 -20"><span class='ocrx_word' id='word_1_170' title='bbox 355 3749 396 3807; x_wconf 79' lang='lat'><strong>85</strong></span> <span class='ocrx_word' id='word_1_171' title='bbox 483 3747 585 3827; x_wconf 82' lang='lat' dir='ltr'><strong>Surge,</strong></span> <span class='ocrx_word' id='word_1_172' title='bbox 610 3746 694 3807; x_wconf 88' lang='lat' dir='ltr'><strong>sedes</strong></span> <span class='ocrx_word' id='word_1_173' title='bbox 717 3747 762 3807; x_wconf 87' lang='lat' dir='ltr'><strong>cia</strong></span> <span class='ocrx_word' id='word_1_174' title='bbox 784 3748 854 3826; x_wconf 93' lang='lat' dir='ltr'><strong>quid</strong></span> <span class='ocrx_word' id='word_1_175' title='bbox 875 3756 934 3808; x_wconf 84' lang='lat' dir='ltr'><strong>tam</strong></span> <span class='ocrx_word' id='word_1_176' title='bbox 955 3747 1006 3807; x_wconf 89' lang='lat' dir='ltr'><strong>diu</strong></span> <span class='ocrx_word' id='word_1_177' title='bbox 1029 3745 1136 3807; x_wconf 77' lang='lat' dir='ltr'><strong>struis?</strong></span> 
     </span>
     <span class='ocr_line' id='line_1_32' title="bbox 438 3845 1142 3938; baseline -0.004 -19"><span class='ocrx_word' id='word_1_178' title='bbox 438 3866 479 3933; x_wconf 91' lang='lat' dir='ltr'><strong>tu,</strong></span> <span class='ocrx_word' id='word_1_179' title='bbox 503 3858 553 3937; x_wconf 91' lang='lat' dir='ltr'><strong>qui</strong></span> <span class='ocrx_word' id='word_1_180' title='bbox 574 3865 633 3919; x_wconf 85' lang='lat' dir='ltr'><strong>tam</strong></span> <span class='ocrx_word' id='word_1_181' title='bbox 654 3858 791 3919; x_wconf 88' lang='lat' dir='ltr'><strong>facundia</strong></span> <span class='ocrx_word' id='word_1_182' title='bbox 813 3879 899 3938; x_wconf 83' lang='lat' dir='ltr'><strong>quem</strong></span> <span class='ocrx_word' id='word_1_183' title='bbox 920 3858 1025 3920; x_wconf 86' lang='lat' dir='ltr'><strong>virtute</strong></span> <span class='ocrx_word' id='word_1_184' title='bbox 1047 3845 1142 3918; x_wconf 80' lang='lat' dir='ltr'><strong>cluIs?</strong></span> 
     </span>
     <span class='ocr_line' id='line_1_33' title="bbox 440 3957 1024 4046; baseline 0.002 -16"><span class='ocrx_word' id='word_1_185' title='bbox 440 3971 592 4031; x_wconf 81' lang='lat' dir='ltr'><strong>Caesarem</strong></span> <span class='ocrx_word' id='word_1_186' title='bbox 614 3969 639 4031; x_wconf 92' lang='lat' dir='ltr'><strong>si</strong></span> <span class='ocrx_word' id='word_1_187' title='bbox 660 3970 766 4031; x_wconf 85' lang='lat' dir='ltr'><strong>liberas</strong></span> <span class='ocrx_word' id='word_1_188' title='bbox 789 3957 934 4031; x_wconf 85' lang='lat' dir='ltr'><strong>erroribus</strong></span> <span class='ocrx_word' id='word_1_189' title='bbox 955 3969 1024 4046; x_wconf 87' lang='lat' dir='ltr'><strong>suis,</strong></span> 
     </span>
     <span class='ocr_line' id='line_1_34' title="bbox 441 4080 970 4162; baseline 0 -20"><span class='ocrx_word' id='word_1_190' title='bbox 441 4080 545 4142; x_wconf 88' lang='lat' dir='ltr'><strong>diffusa</strong></span> <span class='ocrx_word' id='word_1_191' title='bbox 566 4090 609 4144; x_wconf 89' lang='lat' dir='ltr'><strong>est</strong></span> <span class='ocrx_word' id='word_1_192' title='bbox 630 4083 723 4162; x_wconf 86' lang='lat' dir='ltr'><strong>gratia</strong></span> <span class='ocrx_word' id='word_1_193' title='bbox 743 4083 775 4142; x_wconf 92' lang='lat' dir='ltr'><strong>in</strong></span> <span class='ocrx_word' id='word_1_194' title='bbox 796 4081 882 4142; x_wconf 85' lang='lat' dir='ltr'><strong>labiis</strong></span> <span class='ocrx_word' id='word_1_195' title='bbox 903 4082 970 4142; x_wconf 89' lang='lat' dir='ltr'><strong>tuis.</strong></span> 
     </span>
    </p>
   </div>
   <div class='ocr_carea' id='block_1_6' title="bbox 0 0 1602 5014">
    <p class='ocr_par' dir='ltr' id='par_1_17' title="bbox 0 0 1602 5014">
     <span class='ocr_line' id='line_1_35' title="bbox 0 0 1602 5014; baseline 0 1"><span class='ocrx_word' id='word_1_196' title='bbox 0 0 1602 5014; x_wconf 95' lang='lat' dir='ltr'><strong> </strong></span> 
     </span>
    </p>
   </div>
  </div>
 </body>
</html>
