3194 5014
314 537 376 594 100
462 535 522 596 Sed
543 535 624 596 nulla
645 534 765 596 facultas
787 543 831 595 eat
852 555 925 616 quae
940 525 998 595 'eor
1019 537 1112 617 magis
1134 537 1242 618 alliget,

419 668 505 727 quam
527 647 589 721 ista,
613 667 678 708 oum
700 647 822 727 pelagus
844 647 1019 727 paupertatis
1041 649 1167 728 mitiget,

418 759 542 819 seminat
562 759 756 838 grammatica,
781 779 894 839 semper
915 766 1011 820 tamen
1033 759 1153 842 indiget,

419 872 469 932 lex
491 878 585 930 autem
607 878 636 930 et
656 871 779 950 physion
800 871 964 950 manipulos
986 871 1113 951 colliget.

420 982 478 1042 Sed
500 982 567 1042 lieet
588 978 737 1042 haerentes
760 983 883 1061 extirpet
903 983 1026 1062 physica
1047 985 1173 1059 morbos,

316 1097 376 1152 105
464 1101 492 1153 et
514 1092 633 1153 nitidam
656 1093 757 1153 reddat
778 1095 860 1174 potio
882 1103 996 1174 sumpta
1017 1102 1125 1156 cutem:

420 1205 444 1265 si
467 1205 690 1285 diamargariton
706 1205 859 1266 diuturnet
879 1227 999 1266 munera
1020 1207 1079 1267 vita

462 1337 518 1376 neo
539 1317 615 1376 sinat
636 1317 666 1376 in
689 1317 778 1378 fatum
799 1318 897 1396 plures
920 1318 999 1378 abire
1020 1318 1096 1393 dies,

420 1429 446 1489 si
466 1429 593 1508 pretiosa
614 1435 679 1489 tuus
702 1437 852 1489 oonsumat
873 1429 971 1489 edulia
991 1437 1100 1504 venter,

463 1548 492 1600 et
513 1540 584 1619 gula
605 1559 769 1619 cauponum
791 1541 907 1600 sorbeat
928 1540 996 1600 inde
1018 1561 1142 1616 merum,
1229 1565 1230 1570 ¹

316 1654 378 1712 110
421 1651 491 1731 quid
512 1651 631 1730 prodest
652 1658 742 1712 status
764 1652 899 1727 exterior,
924 1653 949 1711 si
971 1652 1087 1714 sordeat
1108 1653 1184 1714 intus

464 1763 621 1842 languidus
643 1771 671 1823 et
692 1763 753 1824 vitii
776 1763 854 1824 febre
878 1763 1006 1843 sepultus
1029 1765 1140 1824 homo?

422 1875 454 1936 si
475 1863 577 1936 videas
598 1876 703 1954 legista
723 1883 790 1936 tuos
815 1895 937 1935 vernare
958 1883 1086 1955 penates,

421 2008 552 2080 purpura
573 1987 597 2048 si
620 1987 694 2046 latus
717 1994 744 2046 et
766 1987 874 2066 digitos
896 1987 1027 2048 involvat
1049 1989 1173 2062 achates,

424 2101 501 2160 clara
523 2099 590 2159 lieet
610 2100 717 2178 proles,
741 2099 808 2159 lieet
830 2120 904 2159 uxor
926 2100 956 2158 in
979 2119 1047 2159 aure
1070 2107 1206 2175 susurret,

319 2214 379 2271 115
423 2219 554 2272 naturam
576 2211 707 2291 expelles
728 2210 809 2272 furea
829 2217 926 2270 tamen
947 2231 1039 2290 usque
1061 2219 1196 2276 recurret.

466 2322 662 2383 Procedamus
684 2322 772 2401 igitur
793 2322 832 2381 ad
853 2321 985 2383 ordinem
1005 2323 1127 2396 tertium,

423 2435 454 2494 id
476 2441 519 2494 est
541 2433 579 2492 ad
598 2433 764 2512 theologos,
789 2453 910 2512 quorum
932 2433 1003 2492 felix
1025 2433 1159 2509 studium,

424 2546 475 2625 qui
497 2544 604 2605 divinis
626 2544 792 2624 mancipant
813 2544 922 2605 artibus
943 2545 1101 2624 ingenium,

424 2658 455 2718 hi
478 2664 545 2718 sunt
566 2656 672 2716 imbres
695 2655 805 2730 coelici,
830 2655 915 2715 duloo
936 2656 1127 2732 stillicidium,

321 2773 384 2829 120
427 2774 640 2848 praeconantur
660 2775 809 2828 aeternum
830 2767 908 2827 illius
930 2768 1125 2847 praeconium,

426 2881 507 2940 cuius
530 2881 593 2940 laus
614 2879 758 2959 perfieitur
779 2899 817 2940 ex
839 2899 890 2940 ore
911 2879 1072 2940 infantium.

469 2993 551 3050 Haeo
573 2999 617 3052 est
638 2991 780 3071 sapientia
802 2991 839 3052 de
861 3011 919 3070 qua
939 2991 1021 3070 prins
1044 2991 1182 3066 dixeram,

426 3102 499 3163 duas
521 3103 632 3163 habens
654 3104 774 3182 speeies,
799 3103 930 3183 spiritum
952 3110 980 3162 et
1000 3103 1125 3177 literam
1224 3095 1242 3118 ²

425 3213 508 3274 litera
530 3213 688 3289 mortificat,
712 3214 765 3274 sed
787 3215 945 3274 seeundum
967 3214 1086 3273 alteram

322 3329 382 3386 125
426 3326 573 3388 invenitur
594 3311 704 3388 caritas
720 3345 793 3406 quae
816 3345 876 3386 non
899 3327 958 3406 agit
979 3345 1140 3406 perperam.

470 3438 546 3500 Satis
568 3438 684 3518 quidem
705 3439 787 3500 rudis
809 3445 903 3499 estet
925 3439 994 3500 satis
1016 3437 1181 3498 inconditus

427 3549 589 3610 intellectus
610 3550 719 3625 literae,
739 3550 764 3610 si
786 3571 846 3610 non
868 3550 906 3610 sit
926 3550 1089 3629 expositum

427 3662 481 3723 sed
503 3662 528 3723 si
549 3661 622 3722 velis
645 3662 756 3722 literam
779 3681 884 3741 augere
906 3659 1080 3734 medullitus,

425 3774 586 3834 balsamum
607 3774 734 3853 reperies
756 3773 863 3833 etmel
885 3771 975 3832 saneti
998 3771 1124 3852 spiritus.

393 3926 442 3978 115
476 3927 569 3978 Horat.
578 3927 645 3994 Epp.
663 3926 684 3990 I,
695 3926 728 3990 X,
738 3927 780 3976 24.

390 4030 474 4084 12211.
492 4029 581 4082 sehlen
599 4027 629 4078 in
646 4027 691 4083 der
708 4029 813 4080 Periser
829 4025 1009 4081 Heudsehrilt.
